<?xml version='1.0' encoding='UTF-8'?>
<collection xmlns='http://www.loc.gov/MARC21/slim' xmlns:xsi='http://www.w3.org/2001/XMLSchema-instance' xsi:schemaLocation='http://www.loc.gov/MARC21/slim http://www.loc.gov/standards/marcxml/schema/MARC21slim.xsd'>
<record xmlns='http://www.loc.gov/MARC21/slim'><leader>03142cgm a2200721Ia 4500</leader><controlfield tag='005'>20180315125045.0</controlfield><controlfield tag='007'>vd cvaizq</controlfield><controlfield tag='008'>120312p20111996mau106 e          vleng d</controlfield><controlfield tag='001'>991032082719703811</controlfield><datafield ind1='1' ind2='0' tag='024'><subfield code='a'>096009782399</subfield></datafield><datafield ind1='4' ind2='2' tag='028'><subfield code='a'>78239</subfield><subfield code='b'>Echo Bridge Home Entertainment</subfield></datafield><datafield ind1=' ' ind2=' ' tag='035'><subfield code='a'>(PPT)b53646861-01tuli_inst</subfield></datafield><datafield ind1=' ' ind2=' ' tag='035'><subfield code='a'>(OCoLC)ocn828618092</subfield><subfield code='9'>ExL</subfield></datafield><datafield ind1=' ' ind2=' ' tag='035'><subfield code='a'>(OCoLC)779851654</subfield></datafield><datafield ind1=' ' ind2=' ' tag='035'><subfield code='a'>ocn779851654</subfield></datafield><datafield ind1=' ' ind2=' ' tag='035'><subfield code='a'>(OCLC)ocn779851654</subfield></datafield><datafield ind1=' ' ind2=' ' tag='040'><subfield code='a'>BGC</subfield><subfield code='c'>BGC</subfield><subfield code='d'>OKN</subfield><subfield code='d'>OCLCA</subfield><subfield code='d'>PPT</subfield></datafield><datafield ind1=' ' ind2=' ' tag='050'><subfield code='a'>PN1997</subfield><subfield code='b'>.B2697 2011</subfield></datafield><datafield ind1=' ' ind2=' ' tag='079'><subfield code='a'>ocn779851654</subfield></datafield><datafield ind1=' ' ind2=' ' tag='099'><subfield code='a'>DVD 13 112</subfield></datafield><datafield ind1='0' ind2=' ' tag='130'><subfield code='a'>Basquiat (Motion picture)</subfield></datafield><datafield ind1='1' ind2='0' tag='245'><subfield code='a'>Basquiat</subfield><subfield code='h'>[videorecording] /</subfield><subfield code='c'>Miramax Films and Jon Kilik present a Peter Brant, Joseph Allen production ; a film by Julian Schnabel ; story developed by Michael Thomas Holman ; produced by Jon Kilik, Sigurjon Sighvatsson, Randy Ostrow ; written and directed by Julian Schnabel.</subfield></datafield><datafield ind1=' ' ind2=' ' tag='250'><subfield code='a'>Widescreen.</subfield></datafield><datafield ind1=' ' ind2=' ' tag='260'><subfield code='a'>[Needham, Mass.] :</subfield><subfield code='b'>Echo Bridge Home Entertainment,</subfield><subfield code='c'>c2011.</subfield></datafield><datafield ind1=' ' ind2=' ' tag='300'><subfield code='a'>1 videodisc (106 min.) :</subfield><subfield code='b'>sd., col. ;</subfield><subfield code='c'>4 3/4 in.</subfield></datafield><datafield ind1='1' ind2=' ' tag='490'><subfield code='a'>Miramax classics</subfield></datafield><datafield ind1=' ' ind2=' ' tag='538'><subfield code='a'>DVD, letterboxed; Dolby Digital 5.1 sound.</subfield></datafield><datafield ind1=' ' ind2=' ' tag='546'><subfield code='a'>English.</subfield></datafield><datafield ind1=' ' ind2=' ' tag='500'><subfield code='a'>Originally produced as a motion picture in 1996.</subfield></datafield><datafield ind1=' ' ind2=' ' tag='500'><subfield code='a'>Based on a story by Lech J. Majewski and John Bowe.</subfield></datafield><datafield ind1=' ' ind2=' ' tag='500'><subfield code='a'>Includes: chapter selection.</subfield></datafield><datafield ind1='1' ind2=' ' tag='511'><subfield code='a'>David Bowie, Dennis Hopper, Gary Oldman, Jeffrey Wright, Benico Del Toro, Claire Forlani, Michael Wincott, Parker Posey, Elina Löwensohn, Paul Bartel, Courtney Love, Tatum O&apos;Neal, Christopher Walken, Willem Dafoe, Michael Badalucco.</subfield></datafield><datafield ind1=' ' ind2=' ' tag='508'><subfield code='a'>Director of photography, Ron Fortunato ; editor, Michael Berenbaum ; music by John Cale, Julian Schnabel ; costume designer, John Dunn ; production designer, Dan Leigh ; art director, C.J. Simpson ; set decorator, Susan Bode ; co-producer, Lech J. Majewski ; executive producers, Peter Brant, Joseph Allen, Michiyo Yoshizaki.</subfield></datafield><datafield ind1='8' ind2=' ' tag='521'><subfield code='a'>Rated R for drug use and strong language.</subfield></datafield><datafield ind1=' ' ind2=' ' tag='520'><subfield code='a'>In 1981, a nineteen-year-old unknown graffiti writer takes the New York art world by storm.</subfield></datafield><datafield ind1='1' ind2='0' tag='600'><subfield code='a'>Basquiat, Jean-Michel,</subfield><subfield code='d'>1960-1988</subfield><subfield code='v'>Drama.</subfield></datafield><datafield ind1=' ' ind2='0' tag='650'><subfield code='a'>Graffiti</subfield><subfield code='v'>Drama.</subfield></datafield><datafield ind1=' ' ind2='7' tag='655'><subfield code='a'>Biographical films.</subfield><subfield code='2'>lcgft</subfield></datafield><datafield ind1=' ' ind2='7' tag='655'><subfield code='a'>Biographical films.</subfield><subfield code='2'>lcgft</subfield></datafield><datafield ind1=' ' ind2='7' tag='655'><subfield code='a'>Fiction films.</subfield><subfield code='2'>lcgft</subfield></datafield><datafield ind1=' ' ind2='7' tag='655'><subfield code='a'>Feature films.</subfield><subfield code='2'>lcgft</subfield></datafield><datafield ind1='1' ind2=' ' tag='700'><subfield code='a'>Kilik, Jon.</subfield></datafield><datafield ind1='1' ind2=' ' tag='700'><subfield code='a'>Brant, Peter.</subfield></datafield><datafield ind1='1' ind2=' ' tag='700'><subfield code='a'>Allen, Joseph.</subfield></datafield><datafield ind1='1' ind2=' ' tag='700'><subfield code='a'>Sighvatsson, Sigurjon.</subfield></datafield><datafield ind1='1' ind2=' ' tag='700'><subfield code='a'>Ostrow, Randy.</subfield></datafield><datafield ind1='1' ind2=' ' tag='700'><subfield code='a'>Schnabel, Julian,</subfield><subfield code='d'>1951-</subfield></datafield><datafield ind1='1' ind2=' ' tag='700'><subfield code='a'>Wright, Jeffrey.</subfield></datafield><datafield ind1='1' ind2=' ' tag='700'><subfield code='a'>Bowie, David.</subfield></datafield><datafield ind1='1' ind2=' ' tag='700'><subfield code='a'>Hopper, Dennis,</subfield><subfield code='d'>1936-2010.</subfield></datafield><datafield ind1='1' ind2=' ' tag='700'><subfield code='a'>Oldman, Gary.</subfield></datafield><datafield ind1='1' ind2=' ' tag='700'><subfield code='a'>Wincott, Michael,</subfield><subfield code='d'>1959-</subfield></datafield><datafield ind1='1' ind2=' ' tag='700'><subfield code='a'>Toro, Benicio del,</subfield><subfield code='d'>1967-</subfield></datafield><datafield ind1='1' ind2=' ' tag='700'><subfield code='a'>Forlani, Claire.</subfield></datafield><datafield ind1='1' ind2=' ' tag='700'><subfield code='a'>Majewski, Lech,</subfield><subfield code='d'>1953-</subfield></datafield><datafield ind1='2' ind2=' ' tag='710'><subfield code='a'>Miramax Films.</subfield></datafield><datafield ind1='2' ind2=' ' tag='710'><subfield code='a'>Echo Bridge Home Entertainment.</subfield></datafield><datafield ind1=' ' ind2='0' tag='830'><subfield code='a'>Miramax classics.</subfield></datafield><datafield ind1=' ' ind2=' ' tag='907'><subfield code='a'>.b53646861</subfield><subfield code='b'>pmed </subfield><subfield code='c'>g</subfield></datafield><datafield ind1=' ' ind2=' ' tag='945'><subfield code='l'>pmsr2</subfield><subfield code='g'>1</subfield></datafield><datafield ind1=' ' ind2=' ' tag='979'><subfield code='a'>ocn779851654</subfield></datafield><datafield ind1=' ' ind2=' ' tag='998'><subfield code='b'>0</subfield><subfield code='c'>130206</subfield><subfield code='d'>m</subfield><subfield code='e'>g</subfield><subfield code='f'>g</subfield><subfield code='g'>0</subfield></datafield><datafield ind1=' ' ind2=' ' tag='998'><subfield code='a'>02/06/13</subfield><subfield code='s'>OCLC</subfield><subfield code='c'>cep </subfield></datafield><datafield ind1=' ' ind2=' ' tag='ADM'><subfield code='b'>2018-04-11 07:21:24</subfield><subfield code='e'>b53646861-01tuli_inst</subfield><subfield code='d'>ILS</subfield><subfield code='a'>2017-06-20 07:59:27</subfield><subfield code='c'>false</subfield></datafield><datafield ind1='8' ind2=' ' tag='HLD'><subfield code='b'>MEDIA</subfield><subfield code='c'>media</subfield><subfield code='h'>DVD 13 112</subfield><subfield code='8'>22398469000003811</subfield></datafield><datafield ind1=' ' ind2=' ' tag='ITM'><subfield code='r'>22398469000003811</subfield><subfield code='b'>1</subfield><subfield code='h'>8</subfield><subfield code='g'>media</subfield><subfield code='t'>DVD</subfield><subfield code='9'>39074028285286</subfield><subfield code='e'>media</subfield><subfield code='8'>23275716190003811</subfield><subfield code='a'>5</subfield><subfield code='q'>2017-06-20 07:59:27</subfield><subfield code='i'>DVD 13 112</subfield><subfield code='d'>MEDIA</subfield><subfield code='f'>MEDIA</subfield></datafield></record>