
<record xmlns='http://www.loc.gov/MARC21/slim'><leader>01261nam a2200409 a 4500</leader><controlfield tag='005'>20180315183258.0</controlfield><controlfield tag='008'>001215s1999    it a     c    000 0 ita d</controlfield><controlfield tag='001'>991013618249703811</controlfield><datafield ind1=' ' ind2=' ' tag='010'><subfield code='a'>99510601</subfield></datafield><datafield ind1=' ' ind2=' ' tag='020'><subfield code='a'>8881582392</subfield></datafield><datafield ind1=' ' ind2=' ' tag='035'><subfield code='a'>(PPT)b21556489-01tuli_inst</subfield></datafield><datafield ind1=' ' ind2=' ' tag='035'><subfield code='a'>(CStRLIN)ocn485971985</subfield><subfield code='9'>ExL</subfield></datafield><datafield ind1=' ' ind2=' ' tag='035'><subfield code='a'>PATG00-B24146</subfield></datafield><datafield ind1=' ' ind2=' ' tag='035'><subfield code='a'>ocm41593558</subfield></datafield><datafield ind1=' ' ind2=' ' tag='035'><subfield code='a'>(OCLC)ocm41593558</subfield></datafield><datafield ind1=' ' ind2=' ' tag='040'><subfield code='a'>C3L</subfield><subfield code='c'>C3L</subfield><subfield code='d'>CAD</subfield><subfield code='d'>DLC</subfield></datafield><datafield ind1='0' ind2=' ' tag='041'><subfield code='a'>itaeng</subfield></datafield><datafield ind1=' ' ind2=' ' tag='042'><subfield code='a'>lccopycat</subfield></datafield><datafield ind1=' ' ind2=' ' tag='045'><subfield code='a'>x4x-</subfield></datafield><datafield ind1=' ' ind2=' ' tag='079'><subfield code='a'>ocm41593558</subfield></datafield><datafield ind1=' ' ind2=' ' tag='090'><subfield code='a'>N6537.B233</subfield><subfield code='b'>A4 1999</subfield></datafield><datafield ind1='1' ind2=' ' tag='100'><subfield code='a'>Basquiat, Jean Michel.</subfield></datafield><datafield ind1='1' ind2='0' tag='245'><subfield code='a'>Basquiat.</subfield></datafield><datafield ind1='1' ind2='8' tag='246'><subfield code='a'>Jean-Michel Basquiat</subfield></datafield><datafield ind1=' ' ind2=' ' tag='260'><subfield code='a'>Milano :</subfield><subfield code='b'>Charta,</subfield><subfield code='c'>c1999.</subfield></datafield><datafield ind1=' ' ind2=' ' tag='300'><subfield code='a'>lxxi, 205 p. :</subfield><subfield code='b'>ill. (some col.) ;</subfield><subfield code='c'>29 cm.</subfield></datafield><datafield ind1=' ' ind2=' ' tag='546'><subfield code='a'>Italian and English.</subfield></datafield><datafield ind1=' ' ind2=' ' tag='500'><subfield code='a'>Catalog of an exhibition held in Museo Revoltella, Trieste, May 15-Sept. 15, 1999.</subfield></datafield><datafield ind1='1' ind2='0' tag='600'><subfield code='a'>Basquiat, Jean Michel</subfield><subfield code='v'>Exhibitions.</subfield></datafield><datafield ind1='2' ind2=' ' tag='710'><subfield code='a'>Civico museo Revoltella.</subfield></datafield><datafield ind1=' ' ind2='1' tag='901'><subfield code='i'>39074014484315</subfield><subfield code='l'>tstk</subfield><subfield code='a'>N6537.B233</subfield><subfield code='b'>A4 1999</subfield><subfield code='s'>-</subfield><subfield code='t'>0</subfield><subfield code='z'>090</subfield></datafield><datafield ind1=' ' ind2=' ' tag='907'><subfield code='a'>.b21556489</subfield><subfield code='b'>multi</subfield><subfield code='c'>-</subfield></datafield><datafield ind1=' ' ind2=' ' tag='945'><subfield code='l'>pstk </subfield><subfield code='g'>1</subfield></datafield><datafield ind1=' ' ind2=' ' tag='950'><subfield code='l'>TYL</subfield></datafield><datafield ind1=' ' ind2=' ' tag='979'><subfield code='a'>ocm41593558</subfield></datafield><datafield ind1=' ' ind2=' ' tag='998'><subfield code='b'>1</subfield><subfield code='c'>001218</subfield><subfield code='d'>m</subfield><subfield code='e'>a</subfield><subfield code='f'>-</subfield><subfield code='g'>0</subfield></datafield><datafield ind1=' ' ind2=' ' tag='998'><subfield code='a'>12/15/00</subfield><subfield code='t'>c</subfield><subfield code='s'>9110</subfield><subfield code='l'>PATG</subfield><subfield code='n'>PPT</subfield><subfield code='w'>DCLC99510601B</subfield><subfield code='d'>12/15/00</subfield><subfield code='b'>JH</subfield></datafield><datafield ind1=' ' ind2=' ' tag='ADM'><subfield code='b'>2018-03-15 22:32:58</subfield><subfield code='e'>b21556489-01tuli_inst</subfield><subfield code='d'>ILS</subfield><subfield code='a'>2017-06-20 09:46:01</subfield><subfield code='c'>false</subfield></datafield><datafield ind1='0' ind2=' ' tag='HLD'><subfield code='b'>MAIN</subfield><subfield code='c'>stacks</subfield><subfield code='h'>N6537.B233</subfield><subfield code='i'>A4 1999</subfield><subfield code='8'>22296893530003811</subfield></datafield><datafield ind1=' ' ind2=' ' tag='ITM'><subfield code='r'>22296893530003811</subfield><subfield code='b'>1</subfield><subfield code='h'>0</subfield><subfield code='g'>stacks</subfield><subfield code='t'>BOOK</subfield><subfield code='9'>39074027177468</subfield><subfield code='e'>stacks</subfield><subfield code='8'>23296893520003811</subfield><subfield code='a'>0</subfield><subfield code='q'>2017-06-20 09:46:01</subfield><subfield code='i'>N6537.B233 A4 1999</subfield><subfield code='d'>MAIN</subfield><subfield code='f'>MAIN</subfield></datafield></record>