
<record xmlns='http://www.loc.gov/MARC21/slim'><leader>01859cam a2200433 a 4500</leader><controlfield tag='005'>20170825183436.0</controlfield><controlfield tag='008'>041004s2005    enka     bc   001 0 eng  </controlfield><controlfield tag='001'>991004084189703811</controlfield><datafield ind1=' ' ind2=' ' tag='010'><subfield code='a'>2004023327</subfield></datafield><datafield ind1=' ' ind2=' ' tag='020'><subfield code='a'>0872731529 (alk. paper)</subfield></datafield><datafield ind1=' ' ind2=' ' tag='035'><subfield code='a'>(PPT)b28001734-01tuli_inst</subfield></datafield><datafield ind1=' ' ind2=' ' tag='035'><subfield code='a'>(CStRLIN)ocn490497041</subfield><subfield code='9'>ExL</subfield></datafield><datafield ind1=' ' ind2=' ' tag='035'><subfield code='a'>PPTb28001734</subfield></datafield><datafield ind1=' ' ind2=' ' tag='035'><subfield code='a'>ocm56672057</subfield></datafield><datafield ind1=' ' ind2=' ' tag='035'><subfield code='a'>(OCLC)ocm56672057</subfield></datafield><datafield ind1=' ' ind2=' ' tag='040'><subfield code='a'>DLC</subfield><subfield code='c'>DLC</subfield><subfield code='d'>DLC</subfield><subfield code='d'>PPT</subfield></datafield><datafield ind1=' ' ind2=' ' tag='042'><subfield code='a'>pcc</subfield></datafield><datafield ind1=' ' ind2=' ' tag='079'><subfield code='a'>ocm56672057</subfield></datafield><datafield ind1=' ' ind2=' ' tag='090'><subfield code='a'>N6537.B233</subfield><subfield code='b'>A4 2005</subfield></datafield><datafield ind1='1' ind2=' ' tag='100'><subfield code='a'>Basquiat, Jean Michel.</subfield></datafield><datafield ind1='1' ind2='0' tag='245'><subfield code='a'>Basquiat /</subfield><subfield code='c'>edited by Marc Mayer ; co-curated and with essays by Fred Hoffman ... [et al.].</subfield></datafield><datafield ind1=' ' ind2=' ' tag='260'><subfield code='a'>[Brooklyn, New York] :</subfield><subfield code='b'>Brooklyn Museum ;</subfield><subfield code='a'>London ;</subfield><subfield code='a'>New York :</subfield><subfield code='b'>Merrell,</subfield><subfield code='c'>2005.</subfield></datafield><datafield ind1=' ' ind2=' ' tag='300'><subfield code='a'>224 p. :</subfield><subfield code='b'>ill. ;</subfield><subfield code='c'>30 cm.</subfield></datafield><datafield ind1=' ' ind2=' ' tag='500'><subfield code='a'>Catalog of an exhibition held at the Brooklyn Museum, Mar. 11-June 5, 2005, at the Museum of Contemporary Art, Los Angeles, July 17-Oct. 10, 2005, and at the Museum of Fine Arts, Houston, Nov. 18, 2005-Feb. 12, 2006.</subfield></datafield><datafield ind1=' ' ind2=' ' tag='504'><subfield code='a'>Includes bibliographical references (p. 216-224) and index.</subfield></datafield><datafield ind1='0' ind2=' ' tag='505'><subfield code='a'>Basquiat in history / Marc Mayer -- In the cipher: Basquiat and hip-hop culture / Franklin Sirmans -- The defining years: notes on five key works / Fred Hoffman -- Lost in translation: Jean-Michel in the (re)mix / Kellie Jones -- Exhibition history.</subfield></datafield><datafield ind1='1' ind2='0' tag='600'><subfield code='a'>Basquiat, Jean Michel</subfield><subfield code='v'>Exhibitions.</subfield></datafield><datafield ind1='1' ind2=' ' tag='700'><subfield code='a'>Mayer, Marc</subfield><subfield code='q'>(Marc Daniel),</subfield><subfield code='d'>1956-</subfield></datafield><datafield ind1='1' ind2=' ' tag='700'><subfield code='a'>Hoffman, Fred,</subfield><subfield code='d'>1944-</subfield></datafield><datafield ind1='2' ind2=' ' tag='710'><subfield code='a'>Brooklyn Museum.</subfield></datafield><datafield ind1='2' ind2=' ' tag='710'><subfield code='a'>Museum of Contemporary Art (Los Angeles, Calif.)</subfield></datafield><datafield ind1='2' ind2=' ' tag='710'><subfield code='a'>Museum of Fine Arts, Houston.</subfield></datafield><datafield ind1=' ' ind2=' ' tag='902'><subfield code='a'>170328</subfield></datafield><datafield ind1=' ' ind2=' ' tag='907'><subfield code='a'>.b28001734</subfield><subfield code='b'>multi</subfield><subfield code='c'>-</subfield></datafield><datafield ind1=' ' ind2=' ' tag='945'><subfield code='l'>astk </subfield><subfield code='g'>1</subfield></datafield><datafield ind1=' ' ind2=' ' tag='945'><subfield code='l'>pstk </subfield><subfield code='g'>1</subfield></datafield><datafield ind1=' ' ind2=' ' tag='979'><subfield code='a'>ocm56672057</subfield></datafield><datafield ind1=' ' ind2=' ' tag='998'><subfield code='b'>2</subfield><subfield code='c'>050407</subfield><subfield code='d'>m</subfield><subfield code='e'>a</subfield><subfield code='f'>-</subfield><subfield code='g'>0</subfield></datafield><datafield ind1=' ' ind2=' ' tag='998'><subfield code='a'>04/07/05</subfield><subfield code='s'>CIP</subfield><subfield code='c'>MRTL</subfield></datafield><datafield ind1=' ' ind2=' ' tag='ADM'><subfield code='b'>2018-03-14 07:10:54</subfield><subfield code='e'>b28001734-01tuli_inst</subfield><subfield code='d'>ILS</subfield><subfield code='a'>2017-06-20 10:23:03</subfield><subfield code='c'>false</subfield></datafield><datafield ind1='0' ind2=' ' tag='HLD'><subfield code='b'>AMBLER</subfield><subfield code='c'>stacks</subfield><subfield code='h'>N6537.B233</subfield><subfield code='i'>A4 2005</subfield><subfield code='8'>22302422750003811</subfield></datafield><datafield ind1='0' ind2=' ' tag='HLD'><subfield code='b'>MAIN</subfield><subfield code='c'>stacks</subfield><subfield code='h'>N6537.B233</subfield><subfield code='i'>A4 2005</subfield><subfield code='8'>22302422730003811</subfield></datafield><datafield ind1=' ' ind2=' ' tag='ITM'><subfield code='r'>22302422750003811</subfield><subfield code='b'>1</subfield><subfield code='h'>0</subfield><subfield code='g'>stacks</subfield><subfield code='t'>BOOK</subfield><subfield code='9'>39074016951030</subfield><subfield code='e'>stacks</subfield><subfield code='8'>23302422740003811</subfield><subfield code='a'>0</subfield><subfield code='q'>2017-06-20 10:23:03</subfield><subfield code='i'>N6537.B233 A4 2005</subfield><subfield code='d'>AMBLER</subfield><subfield code='f'>AMBLER</subfield></datafield><datafield ind1=' ' ind2=' ' tag='ITM'><subfield code='r'>22302422730003811</subfield><subfield code='b'>1</subfield><subfield code='h'>0</subfield><subfield code='g'>stacks</subfield><subfield code='t'>BOOK</subfield><subfield code='9'>39074027895762</subfield><subfield code='e'>stacks</subfield><subfield code='8'>23302422720003811</subfield><subfield code='a'>0</subfield><subfield code='q'>2017-06-20 10:23:03</subfield><subfield code='i'>N6537.B233 A4 2005</subfield><subfield code='d'>MAIN</subfield><subfield code='f'>MAIN</subfield></datafield></record>