
<record xmlns='http://www.loc.gov/MARC21/slim'><leader>01730cam a2200469Ia 4500</leader><controlfield tag='005'>20170826005136.0</controlfield><controlfield tag='008'>100604s2010    sz a     cb   000 0deng d</controlfield><controlfield tag='001'>991006159589703811</controlfield><datafield ind1=' ' ind2=' ' tag='020'><subfield code='a'>9783905632811 (English museum ed.)</subfield></datafield><datafield ind1=' ' ind2=' ' tag='020'><subfield code='a'>3905632810 (English museum ed.)</subfield></datafield><datafield ind1=' ' ind2=' ' tag='020'><subfield code='a'>9783905632804 (German museum ed.)</subfield></datafield><datafield ind1=' ' ind2=' ' tag='020'><subfield code='a'>3905632802 (German museum ed.)</subfield></datafield><datafield ind1=' ' ind2=' ' tag='020'><subfield code='a'>9783775725934 (English trade ed. : hd. bd.)</subfield></datafield><datafield ind1=' ' ind2=' ' tag='020'><subfield code='a'>3775725938 (English trade ed. : hd. bd.)</subfield></datafield><datafield ind1=' ' ind2=' ' tag='020'><subfield code='a'>9783775725927 (German trade ed. : hd. bd.)</subfield></datafield><datafield ind1=' ' ind2=' ' tag='020'><subfield code='a'>377572592X (German trade ed. : hd. bd.)</subfield></datafield><datafield ind1=' ' ind2=' ' tag='035'><subfield code='a'>(PPT)b44798556-01tuli_inst</subfield></datafield><datafield ind1=' ' ind2=' ' tag='035'><subfield code='a'>(OCoLC)ocn691871418</subfield><subfield code='9'>ExL</subfield></datafield><datafield ind1=' ' ind2=' ' tag='035'><subfield code='a'>(OCoLC)644664734</subfield></datafield><datafield ind1=' ' ind2=' ' tag='035'><subfield code='a'>ocn644664734</subfield></datafield><datafield ind1=' ' ind2=' ' tag='035'><subfield code='a'>(OCLC)ocn644664734</subfield></datafield><datafield ind1=' ' ind2=' ' tag='040'><subfield code='a'>BP1</subfield><subfield code='b'>eng</subfield><subfield code='c'>BP1</subfield><subfield code='d'>UKTTE</subfield><subfield code='d'>YDXCP</subfield><subfield code='d'>AFU</subfield></datafield><datafield ind1=' ' ind2=' ' tag='079'><subfield code='a'>ocn644664734</subfield></datafield><datafield ind1=' ' ind2=' ' tag='090'><subfield code='a'>N6537.B233</subfield><subfield code='b'>A4 2010</subfield></datafield><datafield ind1='1' ind2=' ' tag='100'><subfield code='a'>Basquiat, Jean-Michel,</subfield><subfield code='d'>1960-1988.</subfield></datafield><datafield ind1='1' ind2='0' tag='245'><subfield code='a'>Basquiat /</subfield><subfield code='c'>[editor, Dieter Buchhart and Sam Keller].</subfield></datafield><datafield ind1=' ' ind2=' ' tag='260'><subfield code='a'>Riehen/Basel :</subfield><subfield code='b'>Fondation Beyeler ;</subfield><subfield code='a'>Ostfildern :</subfield><subfield code='b'>Hatje Cantz,</subfield><subfield code='c'>c2010.</subfield></datafield><datafield ind1=' ' ind2=' ' tag='300'><subfield code='a'>186, li p. :</subfield><subfield code='b'>many ill. (chiefly col.) ;</subfield><subfield code='c'>31 cm.</subfield></datafield><datafield ind1=' ' ind2=' ' tag='500'><subfield code='a'>Catalog of an exhibition held at the Fondation Bayeler, Riehen/Basel, May 9-Sept. 5, 2010.</subfield></datafield><datafield ind1=' ' ind2=' ' tag='504'><subfield code='a'>Includes bibliographical references.</subfield></datafield><datafield ind1='1' ind2='0' tag='600'><subfield code='a'>Basquiat, Jean-Michel,</subfield><subfield code='d'>1960-1988</subfield><subfield code='v'>Exhibitions.</subfield></datafield><datafield ind1='1' ind2='0' tag='600'><subfield code='a'>Basquiat, Jean-Michel,</subfield><subfield code='d'>1960-1988.</subfield></datafield><datafield ind1='1' ind2=' ' tag='700'><subfield code='a'>Buchhart, Dieter.</subfield></datafield><datafield ind1='1' ind2=' ' tag='700'><subfield code='a'>Keller, Sam,</subfield><subfield code='d'>1965-</subfield></datafield><datafield ind1='2' ind2=' ' tag='710'><subfield code='a'>Fondation Beyeler.</subfield></datafield><datafield ind1=' ' ind2=' ' tag='902'><subfield code='a'>170302</subfield></datafield><datafield ind1=' ' ind2=' ' tag='907'><subfield code='a'>.b44798556</subfield><subfield code='b'>multi</subfield><subfield code='c'>-</subfield></datafield><datafield ind1=' ' ind2=' ' tag='945'><subfield code='l'>jtcas</subfield><subfield code='g'>1</subfield></datafield><datafield ind1=' ' ind2=' ' tag='945'><subfield code='l'>pstk </subfield><subfield code='g'>1</subfield></datafield><datafield ind1=' ' ind2=' ' tag='979'><subfield code='a'>ocn644664734</subfield></datafield><datafield ind1=' ' ind2=' ' tag='998'><subfield code='b'>2</subfield><subfield code='c'>101115</subfield><subfield code='d'>m</subfield><subfield code='e'>a</subfield><subfield code='f'>-</subfield><subfield code='g'>0</subfield></datafield><datafield ind1=' ' ind2=' ' tag='998'><subfield code='a'>11/15/10</subfield><subfield code='s'>OCLC</subfield><subfield code='c'>cep </subfield></datafield><datafield ind1=' ' ind2=' ' tag='ADM'><subfield code='b'>2017-08-26 04:51:36</subfield><subfield code='e'>b44798556-01tuli_inst</subfield><subfield code='d'>ILS</subfield><subfield code='a'>2017-06-20 08:13:25</subfield><subfield code='c'>false</subfield></datafield><datafield ind1='0' ind2=' ' tag='HLD'><subfield code='b'>MAIN</subfield><subfield code='c'>stacks</subfield><subfield code='h'>N6537.B233</subfield><subfield code='i'>A4 2010</subfield><subfield code='8'>22279158800003811</subfield></datafield><datafield ind1='0' ind2=' ' tag='HLD'><subfield code='b'>JAPAN</subfield><subfield code='c'>stacks</subfield><subfield code='h'>N6537.B233</subfield><subfield code='i'>A4 2010</subfield><subfield code='8'>22279158820003811</subfield></datafield><datafield ind1=' ' ind2=' ' tag='ITM'><subfield code='r'>22279158800003811</subfield><subfield code='b'>1</subfield><subfield code='h'>0</subfield><subfield code='g'>stacks</subfield><subfield code='t'>BOOK</subfield><subfield code='9'>39074026124776</subfield><subfield code='e'>stacks</subfield><subfield code='8'>23279158790003811</subfield><subfield code='a'>0</subfield><subfield code='q'>2017-06-20 08:13:25</subfield><subfield code='i'>N6537.B233 A4 2010</subfield><subfield code='d'>MAIN</subfield><subfield code='f'>MAIN</subfield></datafield><datafield ind1=' ' ind2=' ' tag='ITM'><subfield code='r'>22279158820003811</subfield><subfield code='b'>1</subfield><subfield code='h'>0</subfield><subfield code='g'>stacks</subfield><subfield code='t'>BOOK</subfield><subfield code='9'>31982020052629</subfield><subfield code='e'>stacks</subfield><subfield code='8'>23279158810003811</subfield><subfield code='a'>0</subfield><subfield code='q'>2017-06-20 08:13:25</subfield><subfield code='i'>N6537.B233 A4 2010</subfield><subfield code='d'>JAPAN</subfield><subfield code='f'>JAPAN</subfield></datafield></record>