
<record xmlns='http://www.loc.gov/MARC21/slim'><leader>02434ngm a2200601 a 4500</leader><controlfield tag='005'>20170825233746.0</controlfield><controlfield tag='007'>vd cvaizs</controlfield><controlfield tag='008'>020905p20021996cau106 g          vleng d</controlfield><controlfield tag='001'>991024067939703811</controlfield><datafield ind1=' ' ind2=' ' tag='020'><subfield code='a'>0788832050</subfield></datafield><datafield ind1='4' ind2='2' tag='028'><subfield code='a'>24181</subfield><subfield code='b'>Miramax Home Entertainment</subfield></datafield><datafield ind1=' ' ind2=' ' tag='035'><subfield code='a'>(PPT)b32670229-01tuli_inst</subfield></datafield><datafield ind1=' ' ind2=' ' tag='035'><subfield code='a'>(CStRLIN)ocn491924358</subfield><subfield code='9'>ExL</subfield></datafield><datafield ind1=' ' ind2=' ' tag='035'><subfield code='a'>PPTb32670229</subfield></datafield><datafield ind1=' ' ind2=' ' tag='035'><subfield code='a'>ocm50550779</subfield></datafield><datafield ind1=' ' ind2=' ' tag='035'><subfield code='a'>(OCLC)ocm50550779</subfield></datafield><datafield ind1=' ' ind2=' ' tag='040'><subfield code='a'>ZCU</subfield><subfield code='c'>ZCU</subfield><subfield code='d'>JED</subfield><subfield code='d'>OCLCQ</subfield><subfield code='d'>MFM</subfield><subfield code='d'>OCLCQ</subfield><subfield code='d'>NNU</subfield><subfield code='d'>PPT</subfield></datafield><datafield ind1='1' ind2=' ' tag='041'><subfield code='a'>eng</subfield><subfield code='a'>fre</subfield><subfield code='h'>eng</subfield><subfield code='g'>eng</subfield></datafield><datafield ind1=' ' ind2=' ' tag='079'><subfield code='a'>ocm50550779</subfield></datafield><datafield ind1=' ' ind2=' ' tag='090'><subfield code='a'>PN1997</subfield><subfield code='b'>.B3424x 2002</subfield></datafield><datafield ind1='0' ind2='0' tag='245'><subfield code='a'>Basquiat</subfield><subfield code='h'>[videorecording] /</subfield><subfield code='c'>Miramax Films and Jon Kilik present a Peter Brant, Joseph Allen production ; producers, Jon Kilik, Sigurjon Sighvatsson, Randy Ostrow ; written and directed by Julian Schnabel a film by Julian Schnabel.</subfield></datafield><datafield ind1=' ' ind2=' ' tag='260'><subfield code='a'>Burbank, CA :</subfield><subfield code='b'>Miramax Home Entertainment,</subfield><subfield code='c'>[2002]</subfield></datafield><datafield ind1=' ' ind2=' ' tag='300'><subfield code='a'>1 videodisc (106 min.) :</subfield><subfield code='b'>sd., col. ;</subfield><subfield code='c'>4 3/4 in.</subfield></datafield><datafield ind1=' ' ind2=' ' tag='538'><subfield code='a'>DVD.</subfield></datafield><datafield ind1='1' ind2=' ' tag='511'><subfield code='a'>Jeffrey Wright, David Bowie, Dennis Hopper, Gary Oldman, Michael Wincott, Benico Del Toro, Claire Forlani.</subfield></datafield><datafield ind1=' ' ind2=' ' tag='508'><subfield code='a'>Executive producers, Peter Brant, Joseph Allen &amp; Michiyo Yoshizaki ; photography, Ron Fortunato &amp; John Bowe ; editor, Michael Berenbaum.</subfield></datafield><datafield ind1=' ' ind2=' ' tag='500'><subfield code='a'>Originally produced as a motion picture in 1996.</subfield></datafield><datafield ind1=' ' ind2=' ' tag='500'><subfield code='a'>Based on a story by Lech J. Majewski.</subfield></datafield><datafield ind1=' ' ind2=' ' tag='546'><subfield code='a'>Closed-captioned. Includes French dubbed version.</subfield></datafield><datafield ind1=' ' ind2=' ' tag='520'><subfield code='a'>In 1981, a nineteen-year-old unknown graffiti writer takes the New York art world by storm.</subfield></datafield><datafield ind1='8' ind2=' ' tag='521'><subfield code='a'>Rated R.</subfield></datafield><datafield ind1='1' ind2='0' tag='600'><subfield code='a'>Basquiat, Jean Michel</subfield><subfield code='v'>Drama.</subfield></datafield><datafield ind1=' ' ind2='0' tag='650'><subfield code='a'>Graffiti</subfield><subfield code='v'>Drama.</subfield></datafield><datafield ind1=' ' ind2='7' tag='655'><subfield code='a'>Video recordings for the hearing impaired.</subfield><subfield code='2'>lcgft</subfield></datafield><datafield ind1=' ' ind2='7' tag='655'><subfield code='a'>Feature films.</subfield><subfield code='2'>lcgft</subfield></datafield><datafield ind1='1' ind2=' ' tag='700'><subfield code='a'>Bowie, David.</subfield></datafield><datafield ind1='1' ind2=' ' tag='700'><subfield code='a'>Hopper, Dennis,</subfield><subfield code='d'>1936-</subfield></datafield><datafield ind1='1' ind2=' ' tag='700'><subfield code='a'>Oldman, Gary.</subfield></datafield><datafield ind1='1' ind2=' ' tag='700'><subfield code='a'>Wright, Jeffrey.</subfield></datafield><datafield ind1='1' ind2=' ' tag='700'><subfield code='a'>Toro, Benicio del,</subfield><subfield code='d'>1967-</subfield></datafield><datafield ind1='1' ind2=' ' tag='700'><subfield code='a'>Forlani, Claire.</subfield></datafield><datafield ind1='1' ind2=' ' tag='700'><subfield code='a'>Wincott, Michael,</subfield><subfield code='d'>1959-</subfield></datafield><datafield ind1='1' ind2=' ' tag='700'><subfield code='a'>Schnabel, Julian,</subfield><subfield code='d'>1951-</subfield></datafield><datafield ind1='1' ind2=' ' tag='700'><subfield code='a'>Majewski, Lech,</subfield><subfield code='d'>1953-</subfield></datafield><datafield ind1='2' ind2=' ' tag='710'><subfield code='a'>Miramax Films.</subfield></datafield><datafield ind1=' ' ind2=' ' tag='902'><subfield code='a'>160622</subfield></datafield><datafield ind1=' ' ind2=' ' tag='907'><subfield code='a'>.b32670229</subfield><subfield code='b'>multi</subfield><subfield code='c'>g</subfield></datafield><datafield ind1=' ' ind2=' ' tag='945'><subfield code='l'>avid </subfield><subfield code='a'>DVD 11 A50</subfield><subfield code='g'>1</subfield></datafield><datafield ind1=' ' ind2=' ' tag='945'><subfield code='l'>pmed </subfield><subfield code='g'>1</subfield></datafield><datafield ind1=' ' ind2=' ' tag='952'><subfield code='a'>PAUGV3481418-F</subfield><subfield code='b'>University of Pennsylvania Libraries</subfield><subfield code='h'>Full</subfield><subfield code='i'>LCC</subfield><subfield code='n'>PU</subfield><subfield code='r'>CAT</subfield><subfield code='u'>20060420</subfield></datafield><datafield ind1=' ' ind2=' ' tag='979'><subfield code='a'>ocm50550779</subfield></datafield><datafield ind1=' ' ind2=' ' tag='998'><subfield code='b'>4</subfield><subfield code='c'>070605</subfield><subfield code='d'>m</subfield><subfield code='e'>g</subfield><subfield code='f'>g</subfield><subfield code='g'>0</subfield></datafield><datafield ind1=' ' ind2=' ' tag='998'><subfield code='a'>06/05/07</subfield><subfield code='s'>RLIN</subfield><subfield code='c'>DH</subfield></datafield><datafield ind1=' ' ind2=' ' tag='ADM'><subfield code='b'>2018-04-11 07:33:45</subfield><subfield code='e'>b32670229-01tuli_inst</subfield><subfield code='d'>ILS</subfield><subfield code='a'>2017-06-20 07:50:07</subfield><subfield code='c'>false</subfield></datafield><datafield ind1='8' ind2=' ' tag='HLD'><subfield code='b'>AMBLER</subfield><subfield code='c'>media</subfield><subfield code='h'>DVD 11 A50</subfield><subfield code='8'>22273108670003811</subfield></datafield><datafield ind1=' ' ind2=' ' tag='ITM'><subfield code='r'>22273108670003811</subfield><subfield code='b'>1</subfield><subfield code='h'>8</subfield><subfield code='g'>media</subfield><subfield code='t'>DVD</subfield><subfield code='9'>39074027499631</subfield><subfield code='e'>media</subfield><subfield code='8'>23273108660003811</subfield><subfield code='a'>5</subfield><subfield code='q'>2017-06-20 07:50:07</subfield><subfield code='i'>DVD 11 A50</subfield><subfield code='d'>AMBLER</subfield><subfield code='f'>AMBLER</subfield></datafield></record>