
<record xmlns='http://www.loc.gov/MARC21/slim'><leader>01318pam a2200433 a 4500</leader><controlfield tag='005'>20170825174758.0</controlfield><controlfield tag='008'>980330s1998    nyuaf    b    001 0beng  </controlfield><controlfield tag='001'>991002158879703811</controlfield><datafield ind1=' ' ind2=' ' tag='010'><subfield code='a'>98017166</subfield></datafield><datafield ind1=' ' ind2=' ' tag='020'><subfield code='a'>0670854778 (alk. paper)</subfield></datafield><datafield ind1=' ' ind2=' ' tag='035'><subfield code='a'>(PPT)b18107369-01tuli_inst</subfield></datafield><datafield ind1=' ' ind2=' ' tag='035'><subfield code='a'>(DLC    )ocn482443005</subfield><subfield code='9'>ExL</subfield></datafield><datafield ind1=' ' ind2=' ' tag='035'><subfield code='a'>PATW99-B00009</subfield></datafield><datafield ind1=' ' ind2=' ' tag='035'><subfield code='a'>DLC   98017166</subfield></datafield><datafield ind1=' ' ind2=' ' tag='035'><subfield code='a'>ocm38916583</subfield></datafield><datafield ind1=' ' ind2=' ' tag='035'><subfield code='a'>(OCLC)ocm38916583</subfield></datafield><datafield ind1=' ' ind2=' ' tag='040'><subfield code='a'>DLC</subfield><subfield code='c'>DLC</subfield><subfield code='d'>OrLoB</subfield></datafield><datafield ind1=' ' ind2=' ' tag='043'><subfield code='a'>n-us---</subfield></datafield><datafield ind1=' ' ind2=' ' tag='079'><subfield code='a'>ocm38916583</subfield></datafield><datafield ind1=' ' ind2=' ' tag='090'><subfield code='a'>N6537.B233H63 1998</subfield></datafield><datafield ind1='1' ind2=' ' tag='100'><subfield code='a'>Hoban, Phoebe.</subfield></datafield><datafield ind1='1' ind2='0' tag='245'><subfield code='a'>Basquiat :</subfield><subfield code='b'>a quick killing in art /</subfield><subfield code='c'>Phoebe Hoban.</subfield></datafield><datafield ind1=' ' ind2=' ' tag='260'><subfield code='a'>New York :</subfield><subfield code='b'>Viking,</subfield><subfield code='c'>1998.</subfield></datafield><datafield ind1=' ' ind2=' ' tag='300'><subfield code='a'>x, 385 p., [8] p. of plates :</subfield><subfield code='b'>ill. ;</subfield><subfield code='c'>24 cm.</subfield></datafield><datafield ind1=' ' ind2=' ' tag='504'><subfield code='a'>Includes bibliographical references (p. [345]-366) and index.</subfield></datafield><datafield ind1='1' ind2='0' tag='600'><subfield code='a'>Basquiat, Jean Michel.</subfield></datafield><datafield ind1=' ' ind2='0' tag='650'><subfield code='a'>Artists</subfield><subfield code='z'>United States</subfield><subfield code='x'>Biography.</subfield></datafield><datafield ind1=' ' ind2=' ' tag='902'><subfield code='a'>151004</subfield></datafield><datafield ind1=' ' ind2=' ' tag='907'><subfield code='a'>.b18107369</subfield><subfield code='b'>multi</subfield><subfield code='c'>-</subfield></datafield><datafield ind1=' ' ind2=' ' tag='935'><subfield code='a'>00893998</subfield></datafield><datafield ind1=' ' ind2=' ' tag='935'><subfield code='a'>00881957</subfield></datafield><datafield ind1=' ' ind2=' ' tag='945'><subfield code='l'>b    </subfield><subfield code='g'>1</subfield></datafield><datafield ind1=' ' ind2=' ' tag='945'><subfield code='l'>pstk </subfield><subfield code='g'>1</subfield></datafield><datafield ind1=' ' ind2=' ' tag='945'><subfield code='l'>pstk </subfield><subfield code='g'>1</subfield></datafield><datafield ind1=' ' ind2=' ' tag='950'><subfield code='l'>BLOC</subfield><subfield code='i'>02/01/99 C</subfield></datafield><datafield ind1=' ' ind2=' ' tag='955'><subfield code='l'>BLOC</subfield><subfield code='c'>1</subfield><subfield code='s'>Dust jacket.</subfield><subfield code='i'>02/01/99 C</subfield></datafield><datafield ind1=' ' ind2=' ' tag='979'><subfield code='a'>ocm38916583</subfield></datafield><datafield ind1=' ' ind2=' ' tag='998'><subfield code='b'>1</subfield><subfield code='c'>990101</subfield><subfield code='d'>m</subfield><subfield code='e'>a</subfield><subfield code='f'>-</subfield><subfield code='g'>0</subfield></datafield><datafield ind1=' ' ind2=' ' tag='998'><subfield code='a'>02/01/99</subfield><subfield code='t'>c</subfield><subfield code='s'>9110</subfield><subfield code='l'>PATW</subfield><subfield code='n'>PPT-B</subfield><subfield code='w'>DCLC9817166B</subfield><subfield code='d'>01/07/99</subfield><subfield code='c'>AB </subfield><subfield code='b'>MJ</subfield></datafield><datafield ind1=' ' ind2=' ' tag='ADM'><subfield code='b'>2017-08-25 21:47:58</subfield><subfield code='e'>b18107369-01tuli_inst</subfield><subfield code='d'>ILS</subfield><subfield code='a'>2017-06-20 05:56:31</subfield><subfield code='c'>false</subfield></datafield><datafield ind1='0' ind2=' ' tag='HLD'><subfield code='b'>MAIN</subfield><subfield code='c'>stacks</subfield><subfield code='h'>N6537.B233H63 1998</subfield><subfield code='8'>22238396610003811</subfield></datafield><datafield ind1='0' ind2=' ' tag='HLD'><subfield code='b'>BLOCKSON</subfield><subfield code='c'>rarestacks</subfield><subfield code='h'>N6537.B233H63 1998</subfield><subfield code='8'>22238396630003811</subfield></datafield><datafield ind1=' ' ind2=' ' tag='ITM'><subfield code='r'>22238396610003811</subfield><subfield code='b'>1</subfield><subfield code='h'>0</subfield><subfield code='g'>stacks</subfield><subfield code='t'>BOOK</subfield><subfield code='9'>39074014209795</subfield><subfield code='e'>stacks</subfield><subfield code='8'>23238396600003811</subfield><subfield code='a'>0</subfield><subfield code='q'>2017-06-20 05:56:31</subfield><subfield code='i'>N6537.B233H63 1998</subfield><subfield code='d'>MAIN</subfield><subfield code='f'>MAIN</subfield></datafield><datafield ind1=' ' ind2=' ' tag='ITM'><subfield code='r'>22238396630003811</subfield><subfield code='b'>1</subfield><subfield code='h'>0</subfield><subfield code='g'>rarestacks</subfield><subfield code='t'>BOOK</subfield><subfield code='e'>rarestacks</subfield><subfield code='8'>23238396620003811</subfield><subfield code='a'>4</subfield><subfield code='q'>2017-06-20 05:56:31</subfield><subfield code='i'>N6537.B233H63 1998</subfield><subfield code='d'>BLOCKSON</subfield><subfield code='f'>BLOCKSON</subfield></datafield><datafield ind1=' ' ind2=' ' tag='ITM'><subfield code='r'>22238396610003811</subfield><subfield code='b'>1</subfield><subfield code='h'>0</subfield><subfield code='g'>stacks</subfield><subfield code='t'>BOOK</subfield><subfield code='9'>39074027194026</subfield><subfield code='e'>stacks</subfield><subfield code='8'>23238396590003811</subfield><subfield code='a'>0</subfield><subfield code='q'>2017-06-20 05:56:31</subfield><subfield code='i'>N6537.B233H63 1998</subfield><subfield code='d'>MAIN</subfield><subfield code='f'>MAIN</subfield></datafield></record>