
<record xmlns='http://www.loc.gov/MARC21/slim'><leader>03611cam a2200565 i 4500</leader><controlfield tag='005'>20170826000859.0</controlfield><controlfield tag='008'>150123t20152015nyua     bc   001 0 eng d</controlfield><controlfield tag='001'>991009887669703811</controlfield><datafield ind1=' ' ind2=' ' tag='010'><subfield code='a'>2014957630</subfield></datafield><datafield ind1=' ' ind2=' ' tag='020'><subfield code='a'>9780847845828 (hardcover)</subfield></datafield><datafield ind1=' ' ind2=' ' tag='020'><subfield code='a'>0847845826 (hardcover)</subfield></datafield><datafield ind1=' ' ind2=' ' tag='020'><subfield code='a'>9780872731790 (paperback)</subfield></datafield><datafield ind1=' ' ind2=' ' tag='020'><subfield code='a'>0872731790 (paperback)</subfield></datafield><datafield ind1=' ' ind2=' ' tag='035'><subfield code='a'>(PPT)b57824010-01tuli_inst</subfield></datafield><datafield ind1=' ' ind2=' ' tag='035'><subfield code='a'>(OCoLC)ocn908737605</subfield><subfield code='9'>ExL</subfield></datafield><datafield ind1=' ' ind2=' ' tag='035'><subfield code='a'>(OCoLC)900685652</subfield><subfield code='z'>(OCoLC)884298183</subfield></datafield><datafield ind1=' ' ind2=' ' tag='035'><subfield code='a'>ocn900685652</subfield></datafield><datafield ind1=' ' ind2=' ' tag='035'><subfield code='a'>(OCLC)ocn900685652</subfield></datafield><datafield ind1=' ' ind2=' ' tag='040'><subfield code='a'>ERASA</subfield><subfield code='b'>eng</subfield><subfield code='e'>rda</subfield><subfield code='c'>ERASA</subfield><subfield code='d'>YDXCP</subfield><subfield code='d'>BTCTA</subfield><subfield code='d'>BDX</subfield><subfield code='d'>BRZ</subfield><subfield code='d'>OCLCO</subfield><subfield code='d'>UKMGB</subfield><subfield code='d'>PPT</subfield></datafield><datafield ind1=' ' ind2=' ' tag='079'><subfield code='a'>ocn900685652</subfield></datafield><datafield ind1=' ' ind2=' ' tag='090'><subfield code='a'>N6537.B233</subfield><subfield code='b'>A4 2015</subfield></datafield><datafield ind1='1' ind2=' ' tag='100'><subfield code='a'>Basquiat, Jean-Michel,</subfield><subfield code='d'>1960-1988.</subfield></datafield><datafield ind1='0' ind2='0' tag='240'><subfield code='a'>Notebooks</subfield></datafield><datafield ind1='1' ind2='0' tag='245'><subfield code='a'>Basquiat :</subfield><subfield code='b'>The Unknown Notebooks /</subfield><subfield code='c'>edited by Dieter Buchhart and Tricia Laughlin Bloom ; essays by Henry Louis Gates, Jr., Dieter Buchhart, Franklin Sirmans, Christopher Stackhouse ; plate commentaries by Tricia Laughlin Bloom.</subfield></datafield><datafield ind1=' ' ind2='1' tag='264'><subfield code='a'>New York :</subfield><subfield code='b'>Skira Rizzoli in association with the Brooklyn Museum,</subfield><subfield code='c'>2015.</subfield></datafield><datafield ind1=' ' ind2='4' tag='264'><subfield code='c'>©2015</subfield></datafield><datafield ind1=' ' ind2=' ' tag='300'><subfield code='a'>245 pages :</subfield><subfield code='b'>illustrations (chiefly color) ;</subfield><subfield code='c'>30 cm</subfield></datafield><datafield ind1=' ' ind2=' ' tag='336'><subfield code='a'>text</subfield><subfield code='b'>txt</subfield><subfield code='2'>rdacontent</subfield></datafield><datafield ind1=' ' ind2=' ' tag='336'><subfield code='a'>still image</subfield><subfield code='b'>sti</subfield><subfield code='2'>rdacontent</subfield></datafield><datafield ind1=' ' ind2=' ' tag='337'><subfield code='a'>unmediated</subfield><subfield code='b'>n</subfield><subfield code='2'>rdamedia</subfield></datafield><datafield ind1=' ' ind2=' ' tag='338'><subfield code='a'>volume</subfield><subfield code='b'>nc</subfield><subfield code='2'>rdacarrier</subfield></datafield><datafield ind1=' ' ind2=' ' tag='500'><subfield code='a'>&quot;Published on the occasion of the exhibition Basquiat: The Unknown Notebooks, held at the Brooklyn Museum, April 3-August 23, 2015.&quot;</subfield></datafield><datafield ind1=' ' ind2=' ' tag='504'><subfield code='a'>Includes bibliographical references (page 239) and index.</subfield></datafield><datafield ind1='8' ind2=' ' tag='520'><subfield code='a'>&quot;Accompanying a major traveling exhibition, this first-ever survey of the rarely seen notebooks of Basquiat features the artist&apos;s handwritten notes, poems, and drawings, along with related works on paper and large-scale paintings. With no formal training, Jean-Michel Basquiat (1960-1988) succeeded in developing a new and expressive style to become one of the most influential artists in the postmodern revival of figurative during the 1980s. In a series of notebooks from the early to mid-1980s, never before exhibited, Basquiat combined text and images reflecting his engagement with the countercultures of graffiti and hip-hop in New York City, as well as pop culture and world events. Filled with handwritten texts, poems, pictograms, and drawings, many of them iconic images that recur throughout his artwork-teepees, crowns, skeleton-like silhouettes, and grimacing masks-and these notebooks reveal much about the artist&apos;s creative process and the importance of the written word in his aesthetic. With over 150 notebook pages and numerous drawings and paintings, this important book sheds new light on Basquiat&apos;s career and his critical place in contemporary art history.&quot;--</subfield><subfield code='c'>Provided by publisher.</subfield></datafield><datafield ind1='1' ind2='0' tag='600'><subfield code='a'>Basquiat, Jean-Michel,</subfield><subfield code='d'>1960-1988</subfield><subfield code='x'>Notebooks, sketchbooks, etc.</subfield><subfield code='v'>Exhibitions.</subfield></datafield><datafield ind1='1' ind2='0' tag='600'><subfield code='a'>Basquiat, Jean-Michel,</subfield><subfield code='d'>1960-1988.</subfield><subfield code='t'>Notebooks.</subfield></datafield><datafield ind1='1' ind2='0' tag='600'><subfield code='a'>Basquiat, Jean-Michel,</subfield><subfield code='d'>1960-1988</subfield><subfield code='v'>Exhibitions.</subfield></datafield><datafield ind1='2' ind2='0' tag='610'><subfield code='a'>Brooklyn Museum</subfield><subfield code='v'>Exhibitions.</subfield></datafield><datafield ind1='1' ind2=' ' tag='700'><subfield code='a'>Buchhart, Dieter,</subfield><subfield code='d'>1971-</subfield><subfield code='e'>editor.</subfield></datafield><datafield ind1='1' ind2=' ' tag='700'><subfield code='a'>Bloom, Tricia Laughlin,</subfield><subfield code='e'>editor.</subfield></datafield><datafield ind1='1' ind2=' ' tag='700'><subfield code='a'>Gates, Henry Louis,</subfield><subfield code='c'>Jr.,</subfield><subfield code='e'>writer of added commentary.</subfield></datafield><datafield ind1='1' ind2=' ' tag='700'><subfield code='a'>Sirmans, Franklin,</subfield><subfield code='e'>writer of added commentary.</subfield></datafield><datafield ind1='1' ind2=' ' tag='700'><subfield code='a'>Stackhouse, Christopher,</subfield><subfield code='e'>writer of added commentary.</subfield></datafield><datafield ind1='2' ind2=' ' tag='710'><subfield code='a'>Brooklyn Museum,</subfield><subfield code='e'>issuing body,</subfield><subfield code='e'>host institution.</subfield></datafield><datafield ind1=' ' ind2=' ' tag='902'><subfield code='a'>161220</subfield></datafield><datafield ind1=' ' ind2=' ' tag='907'><subfield code='a'>.b57824010</subfield><subfield code='b'>p    </subfield><subfield code='c'>-</subfield></datafield><datafield ind1=' ' ind2=' ' tag='945'><subfield code='l'>pstk </subfield><subfield code='g'>1</subfield></datafield><datafield ind1=' ' ind2=' ' tag='979'><subfield code='a'>ocn900685652</subfield></datafield><datafield ind1=' ' ind2=' ' tag='998'><subfield code='b'>0</subfield><subfield code='c'>150430</subfield><subfield code='d'>m</subfield><subfield code='e'>a</subfield><subfield code='f'>-</subfield><subfield code='g'>0</subfield></datafield><datafield ind1=' ' ind2=' ' tag='998'><subfield code='a'>04/30/15</subfield><subfield code='s'>OCLC</subfield><subfield code='c'>RM</subfield></datafield><datafield ind1=' ' ind2=' ' tag='ADM'><subfield code='b'>2018-03-14 07:19:22</subfield><subfield code='e'>b57824010-01tuli_inst</subfield><subfield code='d'>ILS</subfield><subfield code='a'>2017-06-20 10:46:58</subfield><subfield code='c'>false</subfield></datafield><datafield ind1='0' ind2=' ' tag='HLD'><subfield code='b'>MAIN</subfield><subfield code='c'>stacks</subfield><subfield code='h'>N6537.B233</subfield><subfield code='i'>A4 2015</subfield><subfield code='8'>22306084460003811</subfield></datafield><datafield ind1=' ' ind2=' ' tag='ITM'><subfield code='r'>22306084460003811</subfield><subfield code='b'>1</subfield><subfield code='h'>0</subfield><subfield code='g'>stacks</subfield><subfield code='t'>BOOK</subfield><subfield code='9'>39074029792033</subfield><subfield code='e'>stacks</subfield><subfield code='8'>23306084450003811</subfield><subfield code='a'>0</subfield><subfield code='q'>2017-06-20 10:46:58</subfield><subfield code='i'>N6537.B233 A4 2015</subfield><subfield code='d'>MAIN</subfield><subfield code='f'>MAIN</subfield></datafield></record>