
<record xmlns='http://www.loc.gov/MARC21/slim'><leader>01396nam a2200409 a 4500</leader><controlfield tag='005'>20170826003507.0</controlfield><controlfield tag='008'>060524s2006    nyua     c    000 0 eng c</controlfield><controlfield tag='001'>991030091289703811</controlfield><datafield ind1=' ' ind2=' ' tag='020'><subfield code='a'>1930743610</subfield></datafield><datafield ind1=' ' ind2=' ' tag='020'><subfield code='a'>9781930743618</subfield></datafield><datafield ind1=' ' ind2=' ' tag='035'><subfield code='a'>(PPT)b35473988-01tuli_inst</subfield></datafield><datafield ind1=' ' ind2=' ' tag='035'><subfield code='a'>(OCoLC)ocn492598047</subfield><subfield code='9'>ExL</subfield></datafield><datafield ind1=' ' ind2=' ' tag='035'><subfield code='a'>(OCoLC)69244028</subfield></datafield><datafield ind1=' ' ind2=' ' tag='035'><subfield code='a'>69244028</subfield></datafield><datafield ind1=' ' ind2=' ' tag='035'><subfield code='a'>ocm69244028</subfield></datafield><datafield ind1=' ' ind2=' ' tag='035'><subfield code='a'>(OCLC)ocm69244028</subfield></datafield><datafield ind1=' ' ind2=' ' tag='040'><subfield code='a'>BMA</subfield><subfield code='c'>BMA</subfield><subfield code='d'>YDXCP</subfield><subfield code='d'>CUY</subfield><subfield code='d'>PPT</subfield></datafield><datafield ind1=' ' ind2=' ' tag='079'><subfield code='a'>ocm69244028</subfield></datafield><datafield ind1=' ' ind2=' ' tag='090'><subfield code='a'>ND553.D772</subfield><subfield code='b'>A4 2006</subfield></datafield><datafield ind1='0' ind2='0' tag='245'><subfield code='a'>Dubuffet,  Basquiat :</subfield><subfield code='b'>personal histories /</subfield><subfield code='c'>[Lawrence Rinder].</subfield></datafield><datafield ind1=' ' ind2=' ' tag='260'><subfield code='a'>New York :</subfield><subfield code='b'>PaceWildenstein,</subfield><subfield code='c'>c2006.</subfield></datafield><datafield ind1=' ' ind2=' ' tag='300'><subfield code='a'>55 p., [1] folded leaf :</subfield><subfield code='b'>col. ill. ;</subfield><subfield code='c'>24 x 30 cm.</subfield></datafield><datafield ind1=' ' ind2=' ' tag='500'><subfield code='a'>Catalog to accompany exhibition held Apr. 28-June 17, 2006 at PaceWildenstein, New York.</subfield></datafield><datafield ind1=' ' ind2=' ' tag='541'><subfield code='a'>Rosenthal, Mark ;</subfield><subfield code='c'>Gift ;</subfield><subfield code='d'>2008</subfield></datafield><datafield ind1='1' ind2='0' tag='600'><subfield code='a'>Basquiat, Jean-Michel,</subfield><subfield code='d'>1960-1988</subfield><subfield code='v'>Exhibitions.</subfield></datafield><datafield ind1='1' ind2='0' tag='600'><subfield code='a'>Dubuffet, Jean,</subfield><subfield code='d'>1901-1985</subfield><subfield code='v'>Exhibitions.</subfield></datafield><datafield ind1=' ' ind2='0' tag='650'><subfield code='a'>Painting</subfield><subfield code='y'>20th century</subfield><subfield code='v'>Exhibitions.</subfield></datafield><datafield ind1='1' ind2=' ' tag='700'><subfield code='a'>Basquiat, Jean-Michel,</subfield><subfield code='d'>1960-1988.</subfield></datafield><datafield ind1='1' ind2=' ' tag='700'><subfield code='a'>Dubuffet, Jean,</subfield><subfield code='d'>1901-1985.</subfield></datafield><datafield ind1='1' ind2=' ' tag='700'><subfield code='a'>Rinder, Lawrence.</subfield></datafield><datafield ind1='2' ind2=' ' tag='710'><subfield code='a'>PaceWildenstein (New York, N.Y.)</subfield></datafield><datafield ind1=' ' ind2=' ' tag='902'><subfield code='a'>140109</subfield></datafield><datafield ind1=' ' ind2=' ' tag='907'><subfield code='a'>.b35473988</subfield><subfield code='b'>k    </subfield><subfield code='c'>-</subfield></datafield><datafield ind1=' ' ind2=' ' tag='945'><subfield code='l'>kstk </subfield><subfield code='g'>1</subfield></datafield><datafield ind1=' ' ind2=' ' tag='979'><subfield code='a'>ocm69244028</subfield></datafield><datafield ind1=' ' ind2=' ' tag='998'><subfield code='b'>0</subfield><subfield code='c'>080722</subfield><subfield code='d'>m</subfield><subfield code='e'>a</subfield><subfield code='f'>-</subfield><subfield code='g'>0</subfield></datafield><datafield ind1=' ' ind2=' ' tag='998'><subfield code='a'>07/22/08</subfield><subfield code='s'>OCLC</subfield><subfield code='c'>RM</subfield></datafield><datafield ind1=' ' ind2=' ' tag='ADM'><subfield code='b'>2017-08-26 04:35:07</subfield><subfield code='e'>b35473988-01tuli_inst</subfield><subfield code='d'>ILS</subfield><subfield code='a'>2017-06-20 06:35:41</subfield><subfield code='c'>false</subfield></datafield><datafield ind1='0' ind2=' ' tag='HLD'><subfield code='b'>KARDON</subfield><subfield code='c'>p_remote</subfield><subfield code='h'>ND553.D772</subfield><subfield code='i'>A4 2006</subfield><subfield code='8'>22250768890003811</subfield></datafield><datafield ind1=' ' ind2=' ' tag='ITM'><subfield code='r'>22250768890003811</subfield><subfield code='b'>1</subfield><subfield code='h'>0</subfield><subfield code='g'>p_remote</subfield><subfield code='t'>BOOK</subfield><subfield code='9'>39074023806722</subfield><subfield code='e'>p_remote</subfield><subfield code='8'>23250768880003811</subfield><subfield code='a'>0</subfield><subfield code='q'>2017-06-20 06:35:41</subfield><subfield code='i'>ND553.D772 A4 2006</subfield><subfield code='d'>KARDON</subfield><subfield code='f'>KARDON</subfield></datafield></record>