
<record xmlns='http://www.loc.gov/MARC21/slim'><leader>01305nam a2200433 a 4500</leader><controlfield tag='005'>20180315122711.0</controlfield><controlfield tag='008'>010921s2000    stk    e      000 1deng  </controlfield><controlfield tag='001'>991025221689703811</controlfield><datafield ind1=' ' ind2=' ' tag='010'><subfield code='a'>00456289</subfield></datafield><datafield ind1=' ' ind2=' ' tag='020'><subfield code='a'>086241931X</subfield></datafield><datafield ind1=' ' ind2=' ' tag='020'><subfield code='a'>184195165X</subfield></datafield><datafield ind1=' ' ind2=' ' tag='020'><subfield code='a'>086241931X</subfield></datafield><datafield ind1=' ' ind2=' ' tag='035'><subfield code='a'>(PPT)b24264507-01tuli_inst</subfield></datafield><datafield ind1=' ' ind2=' ' tag='035'><subfield code='a'>(CStRLIN)ocn487122734</subfield><subfield code='9'>ExL</subfield></datafield><datafield ind1=' ' ind2=' ' tag='035'><subfield code='a'>PATG01-B11326</subfield></datafield><datafield ind1=' ' ind2=' ' tag='035'><subfield code='a'>ocm47894105</subfield></datafield><datafield ind1=' ' ind2=' ' tag='035'><subfield code='a'>(OCLC)ocm47894105</subfield></datafield><datafield ind1=' ' ind2=' ' tag='040'><subfield code='a'>DLC</subfield><subfield code='c'>DLC</subfield></datafield><datafield ind1=' ' ind2=' ' tag='043'><subfield code='a'>n-us-ny</subfield></datafield><datafield ind1=' ' ind2=' ' tag='079'><subfield code='a'>ocm47894105</subfield></datafield><datafield ind1=' ' ind2=' ' tag='090'><subfield code='a'>PS3553.L3934</subfield><subfield code='b'>W5 2000</subfield></datafield><datafield ind1='1' ind2=' ' tag='100'><subfield code='a'>Clement, Jennifer.</subfield></datafield><datafield ind1='1' ind2='0' tag='245'><subfield code='a'>Widow Basquiat /</subfield><subfield code='c'>Jennifer Clement.</subfield></datafield><datafield ind1=' ' ind2=' ' tag='260'><subfield code='a'>Edinburgh :</subfield><subfield code='b'>Payback Press,</subfield><subfield code='c'>2000.</subfield></datafield><datafield ind1=' ' ind2=' ' tag='300'><subfield code='a'>184 p. ;</subfield><subfield code='c'>20 cm.</subfield></datafield><datafield ind1=' ' ind2=' ' tag='500'><subfield code='a'>&quot;A love story&quot;--Cover.</subfield></datafield><datafield ind1=' ' ind2='7' tag='655'><subfield code='a'>Love stories.</subfield><subfield code='2'>gsafd.</subfield></datafield><datafield ind1=' ' ind2='7' tag='655'><subfield code='a'>Biographical fiction.</subfield><subfield code='2'>lcgft</subfield></datafield><datafield ind1='1' ind2='0' tag='600'><subfield code='a'>Basquiat, Jean Michel</subfield><subfield code='v'>Fiction.</subfield></datafield><datafield ind1='1' ind2='0' tag='600'><subfield code='a'>Mallouk, Suzanne</subfield><subfield code='v'>Fiction.</subfield></datafield><datafield ind1=' ' ind2='0' tag='650'><subfield code='a'>African American artists</subfield><subfield code='v'>Fiction.</subfield></datafield><datafield ind1=' ' ind2='0' tag='651'><subfield code='a'>New York (N.Y.)</subfield><subfield code='v'>Fiction.</subfield></datafield><datafield ind1=' ' ind2='1' tag='901'><subfield code='i'>39074014783534</subfield><subfield code='a'>PS3553.L3934</subfield><subfield code='b'>W5 2000</subfield><subfield code='t'>0</subfield><subfield code='s'>-</subfield><subfield code='z'>090</subfield></datafield><datafield ind1=' ' ind2=' ' tag='907'><subfield code='a'>.b24264507</subfield><subfield code='b'>p    </subfield><subfield code='c'>-</subfield></datafield><datafield ind1=' ' ind2=' ' tag='945'><subfield code='l'>pstk </subfield><subfield code='g'>1</subfield></datafield><datafield ind1=' ' ind2=' ' tag='950'><subfield code='l'>P</subfield></datafield><datafield ind1=' ' ind2=' ' tag='979'><subfield code='a'>ocm47894105</subfield></datafield><datafield ind1=' ' ind2=' ' tag='998'><subfield code='b'>1</subfield><subfield code='c'>010924</subfield><subfield code='d'>m</subfield><subfield code='e'>a</subfield><subfield code='f'>-</subfield><subfield code='g'>0</subfield></datafield><datafield ind1=' ' ind2=' ' tag='998'><subfield code='a'>09/21/01</subfield><subfield code='t'>c</subfield><subfield code='s'>9110</subfield><subfield code='l'>PATG</subfield><subfield code='n'>PPT</subfield><subfield code='w'>DCLC00456289B</subfield><subfield code='d'>09/21/01</subfield><subfield code='c'>AT </subfield><subfield code='b'>AT</subfield></datafield><datafield ind1=' ' ind2=' ' tag='ADM'><subfield code='b'>2018-03-15 16:27:11</subfield><subfield code='e'>b24264507-01tuli_inst</subfield><subfield code='d'>ILS</subfield><subfield code='a'>2017-06-20 07:48:00</subfield><subfield code='c'>false</subfield></datafield><datafield ind1='0' ind2=' ' tag='HLD'><subfield code='b'>MAIN</subfield><subfield code='c'>stacks</subfield><subfield code='h'>PS3553.L3934</subfield><subfield code='i'>W5 2000</subfield><subfield code='8'>22272505980003811</subfield></datafield><datafield ind1=' ' ind2=' ' tag='ITM'><subfield code='r'>22272505980003811</subfield><subfield code='b'>0</subfield><subfield code='u'>MISSING</subfield><subfield code='h'>0</subfield><subfield code='g'>stacks</subfield><subfield code='t'>BOOK</subfield><subfield code='9'>39074014783534</subfield><subfield code='e'>stacks</subfield><subfield code='8'>23272505960003811</subfield><subfield code='a'>0</subfield><subfield code='q'>2017-06-20 07:48:00</subfield><subfield code='i'>PS3553.L3934 W5 2000</subfield><subfield code='d'>MAIN</subfield><subfield code='f'>MAIN</subfield></datafield></record>