
<record xmlns='http://www.loc.gov/MARC21/slim'><leader>03174cam a2200541 i 4500</leader><controlfield tag='005'>20170826033204.0</controlfield><controlfield tag='008'>130924s2014    caua     b   s001 0 eng  </controlfield><controlfield tag='001'>991004545939703811</controlfield><datafield ind1=' ' ind2=' ' tag='010'><subfield code='a'>2013038506</subfield></datafield><datafield ind1=' ' ind2=' ' tag='020'><subfield code='a'>9780520276246 (cloth : alk. paper)</subfield></datafield><datafield ind1=' ' ind2=' ' tag='020'><subfield code='a'>0520276248 (cloth : alk. paper)</subfield></datafield><datafield ind1=' ' ind2=' ' tag='035'><subfield code='a'>(PPT)b56544844-01tuli_inst</subfield></datafield><datafield ind1=' ' ind2=' ' tag='035'><subfield code='a'>(OCoLC)ocn893649988</subfield><subfield code='9'>ExL</subfield></datafield><datafield ind1=' ' ind2=' ' tag='035'><subfield code='a'>(OCoLC)861744833</subfield><subfield code='z'>(OCoLC)885183156</subfield></datafield><datafield ind1=' ' ind2=' ' tag='035'><subfield code='a'>ocn861744833</subfield></datafield><datafield ind1=' ' ind2=' ' tag='035'><subfield code='a'>(OCLC)ocn861744833</subfield></datafield><datafield ind1=' ' ind2=' ' tag='040'><subfield code='a'>DLC</subfield><subfield code='b'>eng</subfield><subfield code='e'>rda</subfield><subfield code='c'>DLC</subfield><subfield code='d'>YDX</subfield><subfield code='d'>YDXCP</subfield><subfield code='d'>BTCTA</subfield><subfield code='d'>BDX</subfield><subfield code='d'>OCLCO</subfield><subfield code='d'>UKMGB</subfield><subfield code='d'>OCLCF</subfield><subfield code='d'>OCLCO</subfield><subfield code='d'>AU@</subfield></datafield><datafield ind1=' ' ind2=' ' tag='042'><subfield code='a'>pcc</subfield></datafield><datafield ind1=' ' ind2=' ' tag='043'><subfield code='a'>n-us---</subfield></datafield><datafield ind1=' ' ind2=' ' tag='079'><subfield code='a'>ocn861744833</subfield></datafield><datafield ind1=' ' ind2=' ' tag='090'><subfield code='a'>N6537.B233</subfield><subfield code='b'>S24 2014</subfield></datafield><datafield ind1='1' ind2=' ' tag='100'><subfield code='a'>Saggese, Jordana Moore,</subfield><subfield code='d'>1979-</subfield></datafield><datafield ind1='1' ind2='0' tag='245'><subfield code='a'>Reading Basquiat :</subfield><subfield code='b'>exploring ambivalence in American art /</subfield><subfield code='c'>Jordana Moore Saggese.</subfield></datafield><datafield ind1=' ' ind2='1' tag='264'><subfield code='a'>Berkeley :</subfield><subfield code='b'>University of California Press,</subfield><subfield code='c'>[2014]</subfield></datafield><datafield ind1=' ' ind2=' ' tag='300'><subfield code='a'>ix, 222 pages :</subfield><subfield code='b'>illustrations ;</subfield><subfield code='c'>26 cm</subfield></datafield><datafield ind1=' ' ind2=' ' tag='336'><subfield code='a'>text</subfield><subfield code='2'>rdacontent</subfield></datafield><datafield ind1=' ' ind2=' ' tag='336'><subfield code='a'>still image</subfield><subfield code='2'>rdacontent</subfield></datafield><datafield ind1=' ' ind2=' ' tag='337'><subfield code='a'>unmediated</subfield><subfield code='2'>rdamedia</subfield></datafield><datafield ind1=' ' ind2=' ' tag='338'><subfield code='a'>volume</subfield><subfield code='2'>rdacarrier</subfield></datafield><datafield ind1=' ' ind2=' ' tag='504'><subfield code='a'>Includes bibliographical references (pages 185-205) and index.</subfield></datafield><datafield ind1='0' ind2=' ' tag='505'><subfield code='a'>Machine generated contents note: 1.&quot;The Black Picasso&quot;: Jean-Michel Basquiat and Questions of Race -- 2. Creativity Found and Made -- 3. The Language of Expressionism.</subfield></datafield><datafield ind1=' ' ind2=' ' tag='520'><subfield code='a'>Jean-Michel Basquiat completed more than 1,500 works before his death at the age of twenty-seven. His unique compositions--collages of text and gestural painting across a variety of media--quickly made him one of the most important and widely known artists of the 1980s. This book provides a new approach to understanding the range and impact of Basquiat&apos;s practice, as well as its complex relationship to several key artistic and ideological debates of the late twentieth century, including the instability of identity, the role of appropriation, and the boundaries of expressionism. Jordana Moore Saggese argues that Basquiat, once known as the Black Picasso, probes not only the boundaries of blackness but also the boundaries of American art. Weaving together the artist&apos;s interests in painting, writing, and music, this book expands the parameters of aesthetic discourse to consider the parallels Basquiat found among these disciplines in his exploration of the production of meaning.</subfield></datafield><datafield ind1='1' ind2='0' tag='600'><subfield code='a'>Basquiat, Jean-Michel,</subfield><subfield code='d'>1960-1988</subfield><subfield code='x'>Criticism and interpretation.</subfield></datafield><datafield ind1='1' ind2='0' tag='600'><subfield code='a'>Basquiat, Jean-Michel,</subfield><subfield code='d'>1960-1988</subfield><subfield code='x'>Themes, motives.</subfield></datafield><datafield ind1='1' ind2='7' tag='600'><subfield code='a'>Basquiat, Jean-Michel,</subfield><subfield code='d'>1960-1988.</subfield><subfield code='2'>fast</subfield><subfield code='0'>(OCoLC)fst01718119</subfield></datafield><datafield ind1=' ' ind2='7' tag='648'><subfield code='a'>1900 - 1999</subfield><subfield code='2'>fast</subfield></datafield><datafield ind1=' ' ind2='0' tag='650'><subfield code='a'>Arts and society</subfield><subfield code='z'>United States</subfield><subfield code='x'>History</subfield><subfield code='y'>20th century.</subfield></datafield><datafield ind1=' ' ind2='7' tag='650'><subfield code='a'>Arts and society.</subfield><subfield code='2'>fast</subfield><subfield code='0'>(OCoLC)fst00817856</subfield></datafield><datafield ind1=' ' ind2='7' tag='650'><subfield code='a'>Themes, motives.</subfield><subfield code='2'>fast</subfield><subfield code='0'>(OCoLC)fst01355139</subfield></datafield><datafield ind1=' ' ind2='7' tag='651'><subfield code='a'>United States.</subfield><subfield code='2'>fast</subfield><subfield code='0'>(OCoLC)fst01204155</subfield></datafield><datafield ind1=' ' ind2='7' tag='655'><subfield code='a'>Criticism, interpretation, etc.</subfield><subfield code='2'>fast</subfield><subfield code='0'>(OCoLC)fst01411635</subfield></datafield><datafield ind1=' ' ind2='7' tag='655'><subfield code='a'>History.</subfield><subfield code='2'>fast</subfield><subfield code='0'>(OCoLC)fst01411628</subfield></datafield><datafield ind1=' ' ind2=' ' tag='902'><subfield code='a'>161220</subfield></datafield><datafield ind1=' ' ind2=' ' tag='907'><subfield code='a'>.b56544844</subfield><subfield code='b'>p    </subfield><subfield code='c'>-</subfield></datafield><datafield ind1=' ' ind2=' ' tag='945'><subfield code='l'>pstk </subfield><subfield code='g'>1</subfield></datafield><datafield ind1=' ' ind2=' ' tag='979'><subfield code='a'>ocn861744833</subfield></datafield><datafield ind1=' ' ind2=' ' tag='998'><subfield code='b'>1</subfield><subfield code='c'>141001</subfield><subfield code='d'>m</subfield><subfield code='e'>a</subfield><subfield code='f'>-</subfield><subfield code='g'>0</subfield></datafield><datafield ind1=' ' ind2=' ' tag='998'><subfield code='b'>1</subfield><subfield code='c'>141001</subfield><subfield code='d'>m</subfield><subfield code='e'>a</subfield><subfield code='f'>-</subfield><subfield code='g'>0</subfield></datafield><datafield ind1=' ' ind2=' ' tag='ADM'><subfield code='b'>2017-08-26 07:32:04</subfield><subfield code='e'>b56544844-01tuli_inst</subfield><subfield code='d'>ILS</subfield><subfield code='a'>2017-06-20 08:45:57</subfield><subfield code='c'>false</subfield></datafield><datafield ind1='0' ind2=' ' tag='HLD'><subfield code='b'>MAIN</subfield><subfield code='c'>stacks</subfield><subfield code='h'>N6537.B233</subfield><subfield code='i'>S24 2014</subfield><subfield code='8'>22286318900003811</subfield></datafield><datafield ind1=' ' ind2=' ' tag='ITM'><subfield code='r'>22286318900003811</subfield><subfield code='b'>1</subfield><subfield code='h'>0</subfield><subfield code='g'>stacks</subfield><subfield code='t'>BOOK</subfield><subfield code='9'>39074028692812</subfield><subfield code='e'>stacks</subfield><subfield code='8'>23286318890003811</subfield><subfield code='a'>0</subfield><subfield code='q'>2017-06-20 08:45:57</subfield><subfield code='i'>N6537.B233 S24 2014</subfield><subfield code='d'>MAIN</subfield><subfield code='f'>MAIN</subfield></datafield></record>