
<record xmlns='http://www.loc.gov/MARC21/slim'><leader>02043cam a2200421Ia 4500</leader><controlfield tag='005'>20180315121048.0</controlfield><controlfield tag='008'>110327s2011    gw ac    b    000 0beng d</controlfield><controlfield tag='001'>991005606389703811</controlfield><datafield ind1=' ' ind2=' ' tag='020'><subfield code='a'>9783836527149</subfield></datafield><datafield ind1=' ' ind2=' ' tag='020'><subfield code='a'>3836527146</subfield></datafield><datafield ind1=' ' ind2=' ' tag='035'><subfield code='a'>(PPT)b56786335-01tuli_inst</subfield></datafield><datafield ind1=' ' ind2=' ' tag='035'><subfield code='a'>(OCoLC)ocn893650733</subfield><subfield code='9'>ExL</subfield></datafield><datafield ind1=' ' ind2=' ' tag='035'><subfield code='a'>(OCoLC)709522670</subfield><subfield code='z'>(OCoLC)703218632</subfield></datafield><datafield ind1=' ' ind2=' ' tag='035'><subfield code='a'>ocn709522670</subfield></datafield><datafield ind1=' ' ind2=' ' tag='035'><subfield code='a'>(OCLC)ocn709522670</subfield></datafield><datafield ind1=' ' ind2=' ' tag='040'><subfield code='a'>SISPL</subfield><subfield code='b'>eng</subfield><subfield code='c'>SISPL</subfield><subfield code='d'>OCP</subfield><subfield code='d'>NTE</subfield><subfield code='d'>ORX</subfield><subfield code='d'>VP@</subfield><subfield code='d'>YDXCP</subfield><subfield code='d'>BDX</subfield><subfield code='d'>BTCTA</subfield><subfield code='d'>UKMGB</subfield><subfield code='d'>IG$</subfield><subfield code='d'>KMM</subfield><subfield code='d'>ZQP</subfield><subfield code='d'>OCLCF</subfield><subfield code='d'>CDX</subfield></datafield><datafield ind1='1' ind2=' ' tag='041'><subfield code='a'>eng</subfield><subfield code='h'>ger</subfield></datafield><datafield ind1=' ' ind2=' ' tag='079'><subfield code='a'>ocn709522670</subfield></datafield><datafield ind1=' ' ind2=' ' tag='090'><subfield code='a'>N6537.B233</subfield><subfield code='b'>E46 2011</subfield></datafield><datafield ind1='1' ind2=' ' tag='100'><subfield code='a'>Emmerling, Leonhard,</subfield><subfield code='d'>1961-</subfield></datafield><datafield ind1='0' ind2='0' tag='240'><subfield code='a'>Jean-Michel Basquiat.</subfield><subfield code='l'>English</subfield></datafield><datafield ind1='1' ind2='0' tag='245'><subfield code='a'>Jean-Michel Basquiat :</subfield><subfield code='b'>1960-1988 : the explosive force of the streets /</subfield><subfield code='c'>Leonhard Emmerling.</subfield></datafield><datafield ind1='1' ind2='4' tag='246'><subfield code='a'>Basquiat</subfield></datafield><datafield ind1=' ' ind2=' ' tag='260'><subfield code='a'>Köln :</subfield><subfield code='b'>Taschen,</subfield><subfield code='c'>c2011.</subfield></datafield><datafield ind1=' ' ind2=' ' tag='300'><subfield code='a'>96 p. :</subfield><subfield code='b'>ill. (chiefly col.), ports. (some col.) ;</subfield><subfield code='c'>31 cm.</subfield></datafield><datafield ind1='1' ind2=' ' tag='490'><subfield code='a'>Basic art</subfield></datafield><datafield ind1=' ' ind2=' ' tag='504'><subfield code='a'>Includes bibliographical references (p. 96).</subfield></datafield><datafield ind1=' ' ind2=' ' tag='546'><subfield code='a'>Text is in English, translated from German.</subfield></datafield><datafield ind1='0' ind2=' ' tag='505'><subfield code='a'>Pay for soup, build a fort, set that on fire : Basquiat and the 1980s art scene -- Samo as a neo art form : Childhood and youth -- Famous negro athletes #47 : the way to stardom -- Kings, heroes and the street : Basquiat&apos;s themes -- Profit I : in the art business -- Dos Cabezas : Basquiat and Warhol -- Riding with death : the final years -- Chronology.</subfield></datafield><datafield ind1=' ' ind2=' ' tag='520'><subfield code='a'>Presents the life and career of the artist, including his childhood in Brooklyn, years as a graffiti artist, rise to stardom as a painter, collaborations with Andy Warhol, and death from a drug overdose at twenty-seven.</subfield></datafield><datafield ind1='1' ind2='0' tag='600'><subfield code='a'>Basquiat, Jean-Michel,</subfield><subfield code='d'>1960-1988</subfield><subfield code='x'>Criticism and interpretation.</subfield></datafield><datafield ind1=' ' ind2='7' tag='655'><subfield code='a'>Criticism, interpretation, etc.</subfield><subfield code='2'>fast</subfield><subfield code='0'>(OCoLC)fst01411635</subfield></datafield><datafield ind1=' ' ind2='0' tag='830'><subfield code='a'>Basic art series.</subfield></datafield><datafield ind1=' ' ind2=' ' tag='907'><subfield code='a'>.b56786335</subfield><subfield code='b'>p    </subfield><subfield code='c'>-</subfield></datafield><datafield ind1=' ' ind2=' ' tag='945'><subfield code='l'>pstk </subfield><subfield code='g'>1</subfield></datafield><datafield ind1=' ' ind2=' ' tag='979'><subfield code='a'>ocn709522670</subfield></datafield><datafield ind1=' ' ind2=' ' tag='998'><subfield code='b'>1</subfield><subfield code='c'>141013</subfield><subfield code='d'>m</subfield><subfield code='e'>a</subfield><subfield code='f'>-</subfield><subfield code='g'>0</subfield></datafield><datafield ind1=' ' ind2=' ' tag='998'><subfield code='a'>10/13/14</subfield><subfield code='s'>OCLC</subfield><subfield code='c'>AT</subfield></datafield><datafield ind1=' ' ind2=' ' tag='ADM'><subfield code='b'>2018-03-15 16:10:48</subfield><subfield code='e'>b56786335-01tuli_inst</subfield><subfield code='d'>ILS</subfield><subfield code='a'>2017-06-20 13:22:40</subfield><subfield code='c'>false</subfield></datafield><datafield ind1='0' ind2=' ' tag='HLD'><subfield code='b'>MAIN</subfield><subfield code='c'>stacks</subfield><subfield code='h'>N6537.B233</subfield><subfield code='i'>E46 2011</subfield><subfield code='8'>22324548300003811</subfield></datafield><datafield ind1=' ' ind2=' ' tag='ITM'><subfield code='r'>22324548300003811</subfield><subfield code='b'>1</subfield><subfield code='h'>0</subfield><subfield code='g'>stacks</subfield><subfield code='t'>BOOK</subfield><subfield code='9'>39074028691863</subfield><subfield code='e'>stacks</subfield><subfield code='8'>23324548290003811</subfield><subfield code='a'>0</subfield><subfield code='q'>2017-06-20 13:22:40</subfield><subfield code='i'>N6537.B233 E46 2011</subfield><subfield code='d'>MAIN</subfield><subfield code='f'>MAIN</subfield></datafield></record>