
<record xmlns='http://www.loc.gov/MARC21/slim'><leader>01968cam a2200385Ia 4500</leader><controlfield tag='005'>20170825204257.0</controlfield><controlfield tag='008'>051031s2005    sz a     bc   000 0 eng d</controlfield><controlfield tag='001'>991025594919703811</controlfield><datafield ind1=' ' ind2=' ' tag='020'><subfield code='a'>8876242643</subfield></datafield><datafield ind1=' ' ind2=' ' tag='020'><subfield code='a'>9788876242649</subfield></datafield><datafield ind1=' ' ind2=' ' tag='035'><subfield code='a'>(PPT)b33093490-01tuli_inst</subfield></datafield><datafield ind1=' ' ind2=' ' tag='035'><subfield code='a'>(OCoLC)ocn492258376</subfield><subfield code='9'>ExL</subfield></datafield><datafield ind1=' ' ind2=' ' tag='035'><subfield code='a'>(OCoLC)62188698</subfield></datafield><datafield ind1=' ' ind2=' ' tag='035'><subfield code='a'>ocm62188698</subfield></datafield><datafield ind1=' ' ind2=' ' tag='035'><subfield code='a'>(OCLC)ocm62188698</subfield></datafield><datafield ind1=' ' ind2=' ' tag='040'><subfield code='a'>THC</subfield><subfield code='c'>THC</subfield><subfield code='d'>THC</subfield><subfield code='d'>BAKER</subfield><subfield code='d'>RCS</subfield><subfield code='d'>OHX</subfield><subfield code='d'>C3L</subfield><subfield code='d'>BRZ</subfield><subfield code='d'>YDXCP</subfield><subfield code='d'>PPT</subfield></datafield><datafield ind1=' ' ind2=' ' tag='079'><subfield code='a'>ocm62188698</subfield></datafield><datafield ind1=' ' ind2=' ' tag='090'><subfield code='a'>N6608.B276</subfield><subfield code='b'>A4 2005</subfield></datafield><datafield ind1='1' ind2=' ' tag='100'><subfield code='a'>Basquiat, Jean Michel.</subfield></datafield><datafield ind1='0' ind2='0' tag='240'><subfield code='a'>Jean-Michel Basquiat.</subfield><subfield code='l'>English.</subfield></datafield><datafield ind1='1' ind2='0' tag='245'><subfield code='a'>Jean-Michel Basquiat /</subfield><subfield code='c'>edited by Rudy Chiappini.</subfield></datafield><datafield ind1=' ' ind2=' ' tag='260'><subfield code='a'>Lugano [Switzerland] :</subfield><subfield code='b'>Museo d&apos;arte moderna Città di Lugano ;</subfield><subfield code='a'>Milan :</subfield><subfield code='b'>Skira,</subfield><subfield code='c'>c2005.</subfield></datafield><datafield ind1=' ' ind2=' ' tag='300'><subfield code='a'>196 p. (some folded) :</subfield><subfield code='b'>ill. (some col.) ;</subfield><subfield code='c'>28 cm.</subfield></datafield><datafield ind1=' ' ind2=' ' tag='500'><subfield code='a'>Catalog of an exhibition held at the Museo d&apos;arte moderna della città di Lugano [Switzerland], Villa Malpensata, Mar. 20-Jun. 19, 2005.</subfield></datafield><datafield ind1=' ' ind2=' ' tag='504'><subfield code='a'>Includes bibliographical references (p. 195-196).</subfield></datafield><datafield ind1='0' ind2=' ' tag='505'><subfield code='a'>The Perennial Shadow of art in Basquiat&apos;s brief life / Achille Bonito Oliva -- Art: from subways to SoHo, Jean-Michel Basquiat / Henry Geldzahler -- Jean-Michel Basquiat: speaking in tongues / Richard D. Marshall -- Word hunger: Basquiat and Leonardo / Jeffrey Hoffeld -- Jean-Michel Basquiat, Francesco Clements and Andy Warhol: collaborations / Bruno Bischofberger -- Jean-Michel Basquiat. The word and the image / Luciano Caprile -- Catalogue / Luca Marenzi -- Biography / by Gaia Regazzoni -- One-man exhibitions -- Main group exhibitions -- Selected bibliography.</subfield></datafield><datafield ind1='1' ind2='0' tag='600'><subfield code='a'>Basquiat, Jean Michel</subfield><subfield code='v'>Exhibitions.</subfield></datafield><datafield ind1='1' ind2=' ' tag='700'><subfield code='a'>Chiappini, Rudy.</subfield></datafield><datafield ind1='2' ind2=' ' tag='710'><subfield code='a'>Museo d&apos;arte moderna (Lugano, Switzerland)</subfield></datafield><datafield ind1=' ' ind2=' ' tag='902'><subfield code='a'>160413</subfield></datafield><datafield ind1=' ' ind2=' ' tag='907'><subfield code='a'>.b33093490</subfield><subfield code='b'>p    </subfield><subfield code='c'>-</subfield></datafield><datafield ind1=' ' ind2=' ' tag='945'><subfield code='l'>pstk </subfield><subfield code='g'>1</subfield></datafield><datafield ind1=' ' ind2=' ' tag='979'><subfield code='a'>ocm62188698</subfield></datafield><datafield ind1=' ' ind2=' ' tag='998'><subfield code='b'>0</subfield><subfield code='c'>071212</subfield><subfield code='d'>m</subfield><subfield code='e'>a</subfield><subfield code='f'>-</subfield><subfield code='g'>0</subfield></datafield><datafield ind1=' ' ind2=' ' tag='998'><subfield code='a'>12/12/07</subfield><subfield code='s'>OCLC</subfield><subfield code='c'>cep </subfield></datafield><datafield ind1=' ' ind2=' ' tag='ADM'><subfield code='b'>2018-03-15 23:40:49</subfield><subfield code='e'>b33093490-01tuli_inst</subfield><subfield code='d'>ILS</subfield><subfield code='a'>2017-06-20 06:37:00</subfield><subfield code='c'>false</subfield></datafield><datafield ind1='0' ind2=' ' tag='HLD'><subfield code='b'>MAIN</subfield><subfield code='c'>stacks</subfield><subfield code='h'>N6608.B276</subfield><subfield code='i'>A4 2005</subfield><subfield code='8'>22251185720003811</subfield></datafield><datafield ind1=' ' ind2=' ' tag='ITM'><subfield code='r'>22251185720003811</subfield><subfield code='b'>1</subfield><subfield code='h'>0</subfield><subfield code='g'>stacks</subfield><subfield code='t'>BOOK</subfield><subfield code='9'>39074023546393</subfield><subfield code='e'>stacks</subfield><subfield code='8'>23251185710003811</subfield><subfield code='a'>0</subfield><subfield code='q'>2017-06-20 06:37:00</subfield><subfield code='i'>N6608.B276 A4 2005</subfield><subfield code='d'>MAIN</subfield><subfield code='f'>MAIN</subfield></datafield></record>