
<record xmlns='http://www.loc.gov/MARC21/slim'><leader>01855cam a2200505 i 4500</leader><controlfield tag='005'>20170825212623.0</controlfield><controlfield tag='008'>150413s2015    nyua     bc   000 0 eng  </controlfield><controlfield tag='001'>991010309859703811</controlfield><datafield ind1=' ' ind2=' ' tag='010'><subfield code='a'>2015300961</subfield></datafield><datafield ind1=' ' ind2=' ' tag='020'><subfield code='a'>0847844080</subfield></datafield><datafield ind1=' ' ind2=' ' tag='020'><subfield code='a'>9780847844081</subfield></datafield><datafield ind1=' ' ind2=' ' tag='035'><subfield code='a'>(PPT)b57937485-01tuli_inst</subfield></datafield><datafield ind1=' ' ind2=' ' tag='035'><subfield code='a'>(OCoLC)ocn910910651</subfield><subfield code='9'>ExL</subfield></datafield><datafield ind1=' ' ind2=' ' tag='035'><subfield code='a'>(OCoLC)904459094</subfield></datafield><datafield ind1=' ' ind2=' ' tag='035'><subfield code='a'>ocn904459094</subfield></datafield><datafield ind1=' ' ind2=' ' tag='035'><subfield code='a'>(OCLC)ocn904459094</subfield></datafield><datafield ind1=' ' ind2=' ' tag='040'><subfield code='a'>DLC</subfield><subfield code='b'>eng</subfield><subfield code='e'>rda</subfield><subfield code='c'>DLC</subfield><subfield code='d'>YDXCP</subfield><subfield code='d'>BTCTA</subfield><subfield code='d'>BDX</subfield><subfield code='d'>CDX</subfield></datafield><datafield ind1=' ' ind2=' ' tag='042'><subfield code='a'>pcc</subfield></datafield><datafield ind1=' ' ind2=' ' tag='079'><subfield code='a'>ocn904459094</subfield></datafield><datafield ind1=' ' ind2=' ' tag='090'><subfield code='a'>N6537.B233</subfield><subfield code='b'>A4 2014b</subfield></datafield><datafield ind1='0' ind2=' ' tag='130'><subfield code='a'>Jean-Michel Basquiat (Gagosian Gallery)</subfield></datafield><datafield ind1='1' ind2='0' tag='245'><subfield code='a'>Jean-Michel Basquiat /</subfield><subfield code='c'>curated by Larry Gagosian ; texts by Robert Farris Thompson and Rene Ricard.</subfield></datafield><datafield ind1=' ' ind2='1' tag='264'><subfield code='a'>New York :</subfield><subfield code='b'>Gagosian Gallery,</subfield><subfield code='c'>[2014]</subfield></datafield><datafield ind1=' ' ind2='2' tag='264'><subfield code='a'>New York :</subfield><subfield code='b'>Rizzoli</subfield></datafield><datafield ind1=' ' ind2=' ' tag='300'><subfield code='a'>207 pages :</subfield><subfield code='b'>illustrations ;</subfield><subfield code='c'>32 cm</subfield></datafield><datafield ind1=' ' ind2=' ' tag='336'><subfield code='a'>text</subfield><subfield code='2'>rdacontent</subfield></datafield><datafield ind1=' ' ind2=' ' tag='336'><subfield code='a'>still image</subfield><subfield code='2'>rdacontent</subfield></datafield><datafield ind1=' ' ind2=' ' tag='337'><subfield code='a'>unmediated</subfield><subfield code='2'>rdamedia</subfield></datafield><datafield ind1=' ' ind2=' ' tag='338'><subfield code='a'>volume</subfield><subfield code='2'>rdacarrier</subfield></datafield><datafield ind1=' ' ind2=' ' tag='500'><subfield code='a'>Published on the occasion of the exhibition Jean-Michel Basquiat, Feb. 7-Apr. 6, 2013.</subfield></datafield><datafield ind1=' ' ind2=' ' tag='504'><subfield code='a'>Includes bibliographical references.</subfield></datafield><datafield ind1='1' ind2='0' tag='600'><subfield code='a'>Basquiat, Jean-Michel,</subfield><subfield code='d'>1960-1988</subfield><subfield code='v'>Exhibitions.</subfield></datafield><datafield ind1='1' ind2=' ' tag='700'><subfield code='a'>Thompson, Robert Farris.</subfield></datafield><datafield ind1='1' ind2=' ' tag='700'><subfield code='a'>Ricard, Rene,</subfield><subfield code='d'>1946-2014.</subfield></datafield><datafield ind1='1' ind2='2' tag='700'><subfield code='a'>Basquiat, Jean-Michel,</subfield><subfield code='d'>1960-1988.</subfield><subfield code='t'>Works.</subfield><subfield code='k'>Selections.</subfield></datafield><datafield ind1='2' ind2=' ' tag='710'><subfield code='a'>Gagosian Gallery.</subfield></datafield><datafield ind1='4' ind2='2' tag='856'><subfield code='3'>Publisher description</subfield><subfield code='u'>http://catdir.loc.gov/catdir/enhancements/fy1508/2015300961-d.html</subfield></datafield><datafield ind1='4' ind2='2' tag='856'><subfield code='3'>Contributor biographical information</subfield><subfield code='u'>http://catdir.loc.gov/catdir/enhancements/fy1508/2015300961-b.html</subfield></datafield><datafield ind1=' ' ind2=' ' tag='902'><subfield code='a'>170126</subfield></datafield><datafield ind1=' ' ind2=' ' tag='907'><subfield code='a'>.b57937485</subfield><subfield code='b'>p    </subfield><subfield code='c'>-</subfield></datafield><datafield ind1=' ' ind2=' ' tag='945'><subfield code='l'>pstk </subfield><subfield code='g'>1</subfield></datafield><datafield ind1=' ' ind2=' ' tag='945'><subfield code='l'>pstk </subfield><subfield code='g'>1</subfield></datafield><datafield ind1=' ' ind2=' ' tag='979'><subfield code='a'>ocn904459094</subfield></datafield><datafield ind1=' ' ind2=' ' tag='998'><subfield code='b'>2</subfield><subfield code='c'>150519</subfield><subfield code='d'>m</subfield><subfield code='e'>a</subfield><subfield code='f'>-</subfield><subfield code='g'>0</subfield></datafield><datafield ind1=' ' ind2=' ' tag='998'><subfield code='a'>05/19/15</subfield><subfield code='s'>LC</subfield><subfield code='c'>AT</subfield></datafield><datafield ind1=' ' ind2=' ' tag='ADM'><subfield code='b'>2017-08-26 01:26:23</subfield><subfield code='e'>b57937485-01tuli_inst</subfield><subfield code='d'>ILS</subfield><subfield code='a'>2017-06-20 12:44:12</subfield><subfield code='c'>false</subfield></datafield><datafield ind1='0' ind2=' ' tag='HLD'><subfield code='b'>MAIN</subfield><subfield code='c'>stacks</subfield><subfield code='h'>N6537.B233</subfield><subfield code='i'>A4 2014b</subfield><subfield code='8'>22320275230003811</subfield></datafield><datafield ind1=' ' ind2=' ' tag='ITM'><subfield code='r'>22320275230003811</subfield><subfield code='b'>1</subfield><subfield code='h'>0</subfield><subfield code='g'>stacks</subfield><subfield code='t'>BOOK</subfield><subfield code='9'>39074024279168</subfield><subfield code='e'>stacks</subfield><subfield code='8'>23320275220003811</subfield><subfield code='a'>0</subfield><subfield code='q'>2017-06-20 12:44:12</subfield><subfield code='i'>N6537.B233 A4 2014b</subfield><subfield code='d'>MAIN</subfield><subfield code='f'>MAIN</subfield></datafield><datafield ind1=' ' ind2=' ' tag='ITM'><subfield code='r'>22320275230003811</subfield><subfield code='b'>1</subfield><subfield code='h'>0</subfield><subfield code='g'>stacks</subfield><subfield code='t'>BOOK</subfield><subfield code='9'>39074028788735</subfield><subfield code='e'>stacks</subfield><subfield code='8'>23320275210003811</subfield><subfield code='a'>0</subfield><subfield code='q'>2017-06-20 12:44:12</subfield><subfield code='i'>N6537.B233 A4 2014b</subfield><subfield code='d'>MAIN</subfield><subfield code='f'>MAIN</subfield></datafield></record>