
<record xmlns='http://www.loc.gov/MARC21/slim'><leader>00779nam a2200241 a 4500</leader><controlfield tag='008'>010190s2003    gw ac    b    000 0dita d</controlfield><controlfield tag='005'>20180315165221.0</controlfield><controlfield tag='001'>991006265609703811</controlfield><datafield ind1=' ' ind2=' ' tag='020'><subfield code='a'>3822826391</subfield></datafield><datafield ind1=' ' ind2=' ' tag='035'><subfield code='a'>(PPT)b28523672-01tuli_inst</subfield></datafield><datafield ind1=' ' ind2=' ' tag='040'><subfield code='a'>PPT</subfield><subfield code='d'>PPT</subfield></datafield><datafield ind1='1' ind2='4' tag='082'><subfield code='a'>759.13</subfield><subfield code='b'>BAS</subfield></datafield><datafield ind1='1' ind2=' ' tag='100'><subfield code='a'>Emmerling, Leonhard,</subfield><subfield code='d'>1961-</subfield></datafield><datafield ind1='1' ind2='0' tag='245'><subfield code='a'>Jean-Michel Basquiat:</subfield><subfield code='b'>1960-1988 /</subfield><subfield code='c'>Leonhard Emmerling.</subfield></datafield><datafield ind1=' ' ind2=' ' tag='260'><subfield code='a'>Köln :</subfield><subfield code='b'>Taschen,</subfield><subfield code='c'>c2003.</subfield></datafield><datafield ind1=' ' ind2=' ' tag='300'><subfield code='a'>96 p :</subfield><subfield code='b'>col. ill., ports. ;</subfield><subfield code='c'>23 cm.</subfield></datafield><datafield ind1=' ' ind2=' ' tag='504'><subfield code='a'>Includes bibliographical references (p. 96).</subfield></datafield><datafield ind1='1' ind2='0' tag='600'><subfield code='a'>Basquiat, Jean Michel</subfield><subfield code='x'>Criticism and interpretation.</subfield></datafield><datafield ind1='1' ind2=' ' tag='700'><subfield code='a'>Basquiat, Jean Michel.</subfield></datafield><datafield ind1=' ' ind2=' ' tag='907'><subfield code='a'>.b28523672</subfield><subfield code='b'>ir   </subfield><subfield code='c'>-</subfield></datafield><datafield ind1=' ' ind2=' ' tag='945'><subfield code='l'>irstk</subfield><subfield code='g'>1</subfield></datafield><datafield ind1=' ' ind2=' ' tag='998'><subfield code='b'>0</subfield><subfield code='c'>051019</subfield><subfield code='d'>m</subfield><subfield code='e'>a</subfield><subfield code='f'>-</subfield><subfield code='g'>0</subfield></datafield><datafield ind1=' ' ind2=' ' tag='998'><subfield code='b'>0</subfield><subfield code='c'>051019</subfield><subfield code='d'>m</subfield><subfield code='e'>a</subfield><subfield code='f'>-</subfield><subfield code='g'>0</subfield></datafield><datafield ind1=' ' ind2=' ' tag='ADM'><subfield code='b'>2018-03-15 20:52:21</subfield><subfield code='e'>b28523672-01tuli_inst</subfield><subfield code='d'>ILS</subfield><subfield code='a'>2017-06-20 08:47:36</subfield><subfield code='c'>false</subfield></datafield><datafield ind1='1' ind2=' ' tag='HLD'><subfield code='b'>ROME</subfield><subfield code='c'>stacks</subfield><subfield code='h'>759.13</subfield><subfield code='i'>BAS</subfield><subfield code='8'>22286675060003811</subfield></datafield><datafield ind1=' ' ind2=' ' tag='ITM'><subfield code='r'>22286675060003811</subfield><subfield code='b'>1</subfield><subfield code='h'>1</subfield><subfield code='g'>stacks</subfield><subfield code='t'>BOOK</subfield><subfield code='9'>39074029531050</subfield><subfield code='e'>stacks</subfield><subfield code='8'>23286675050003811</subfield><subfield code='a'>0</subfield><subfield code='q'>2017-06-20 08:47:36</subfield><subfield code='i'>759.13 BAS</subfield><subfield code='d'>ROME</subfield><subfield code='f'>ROME</subfield></datafield></record>