
<record xmlns='http://www.loc.gov/MARC21/slim'><leader>01922nam a2200517 a 4500</leader><controlfield tag='005'>20170826002949.0</controlfield><controlfield tag='008'>930203s1992    nyua     bc   000 0 eng  </controlfield><controlfield tag='001'>991030242379703811</controlfield><datafield ind1=' ' ind2=' ' tag='010'><subfield code='a'>92019045</subfield></datafield><datafield ind1=' ' ind2=' ' tag='020'><subfield code='a'>0874270812 (pbk.)</subfield></datafield><datafield ind1=' ' ind2=' ' tag='020'><subfield code='a'>0810968061 (Abrams)</subfield></datafield><datafield ind1=' ' ind2=' ' tag='035'><subfield code='a'>(PPT)b16221394-01tuli_inst</subfield></datafield><datafield ind1=' ' ind2=' ' tag='035'><subfield code='a'>ocn476880352</subfield><subfield code='9'>ExL</subfield></datafield><datafield ind1=' ' ind2=' ' tag='035'><subfield code='a'>PATW92-B00776</subfield></datafield><datafield ind1=' ' ind2=' ' tag='035'><subfield code='a'>PATG93-B02254</subfield></datafield><datafield ind1=' ' ind2=' ' tag='035'><subfield code='a'>ocm26054643</subfield></datafield><datafield ind1=' ' ind2=' ' tag='035'><subfield code='a'>(OCLC)ocm26054643</subfield></datafield><datafield ind1=' ' ind2=' ' tag='040'><subfield code='a'>DLC</subfield><subfield code='c'>DLC</subfield><subfield code='d'>NNWhit</subfield><subfield code='d'>PPT</subfield></datafield><datafield ind1=' ' ind2=' ' tag='079'><subfield code='a'>ocm26054643</subfield></datafield><datafield ind1=' ' ind2=' ' tag='090'><subfield code='a'>N6608.B276A4 1992</subfield></datafield><datafield ind1='1' ind2=' ' tag='100'><subfield code='a'>Marshall, Richard,</subfield><subfield code='d'>1947-2014</subfield></datafield><datafield ind1='0' ind2='0' tag='245'><subfield code='a'>Jean-Michel Basquiat /</subfield><subfield code='c'>by Richard Marshall ; with essays by Dick Hebdige ... [et al.].</subfield></datafield><datafield ind1=' ' ind2=' ' tag='260'><subfield code='a'>New York :</subfield><subfield code='b'>Whitney Museum of American Art :</subfield><subfield code='b'>distributed by Harry N. Abrams,</subfield><subfield code='c'>1992.</subfield></datafield><datafield ind1=' ' ind2=' ' tag='300'><subfield code='a'>272 p. :</subfield><subfield code='b'>ill. (some col.) ;</subfield><subfield code='c'>31 cm.</subfield></datafield><datafield ind1=' ' ind2=' ' tag='500'><subfield code='a'>Catalog published in conjunction with an exhibition held at the Whitney Museum of American Art, Oct. 23, 1992-Feb. 14, 1993 and elsewhere through Jan. 1994.</subfield></datafield><datafield ind1=' ' ind2=' ' tag='504'><subfield code='a'>Includes bibliographical references (p. 259-262).</subfield></datafield><datafield ind1='1' ind2='0' tag='600'><subfield code='a'>Basquiat, Jean Michel</subfield><subfield code='x'>Exhibitions.</subfield></datafield><datafield ind1='1' ind2='0' tag='600'><subfield code='a'>Basquiat, Jean Michel</subfield><subfield code='x'>Criticism and interpretation.</subfield></datafield><datafield ind1='1' ind2='0' tag='700'><subfield code='a'>Basquiat, Jean Michel.</subfield></datafield><datafield ind1='1' ind2='0' tag='700'><subfield code='a'>Hebdige, Dick.</subfield></datafield><datafield ind1='2' ind2='0' tag='710'><subfield code='a'>Whitney Museum of American Art.</subfield></datafield><datafield ind1=' ' ind2=' ' tag='902'><subfield code='a'>151029</subfield></datafield><datafield ind1=' ' ind2=' ' tag='907'><subfield code='a'>.b16221394</subfield><subfield code='b'>multi</subfield><subfield code='c'>-</subfield></datafield><datafield ind1=' ' ind2=' ' tag='935'><subfield code='a'>00675411</subfield></datafield><datafield ind1=' ' ind2=' ' tag='935'><subfield code='a'>00679644</subfield></datafield><datafield ind1=' ' ind2=' ' tag='945'><subfield code='l'>b    </subfield><subfield code='g'>1</subfield></datafield><datafield ind1=' ' ind2=' ' tag='945'><subfield code='l'>pstk </subfield><subfield code='g'>1</subfield></datafield><datafield ind1=' ' ind2=' ' tag='945'><subfield code='l'>irstk</subfield><subfield code='a'>759.13</subfield><subfield code='b'>BAS</subfield><subfield code='g'>1</subfield></datafield><datafield ind1=' ' ind2=' ' tag='945'><subfield code='l'>irstk</subfield><subfield code='a'>759.13</subfield><subfield code='b'>BAS       </subfield><subfield code='g'>1</subfield></datafield><datafield ind1=' ' ind2=' ' tag='950'><subfield code='l'>P1</subfield><subfield code='a'>N405</subfield><subfield code='b'>.W5x no.23786</subfield><subfield code='i'>02/03/93 N</subfield></datafield><datafield ind1=' ' ind2=' ' tag='950'><subfield code='l'>TYL</subfield><subfield code='a'>N405</subfield><subfield code='b'>.W5x no.23786</subfield><subfield code='i'>02/03/93 N  855:SL</subfield></datafield><datafield ind1=' ' ind2=' ' tag='955'><subfield code='l'>P1</subfield><subfield code='c'>0</subfield><subfield code='r'>39074008945537</subfield><subfield code='i'>02/03/93 C</subfield></datafield><datafield ind1=' ' ind2=' ' tag='955'><subfield code='l'>TYL</subfield><subfield code='c'>0</subfield><subfield code='r'>39074008945529</subfield><subfield code='i'>02/03/93 C</subfield></datafield><datafield ind1=' ' ind2=' ' tag='979'><subfield code='a'>ocm26054643</subfield></datafield><datafield ind1=' ' ind2=' ' tag='998'><subfield code='b'>3</subfield><subfield code='c'>990101</subfield><subfield code='d'>m</subfield><subfield code='e'>a</subfield><subfield code='f'>-</subfield><subfield code='g'>0</subfield></datafield><datafield ind1=' ' ind2=' ' tag='998'><subfield code='a'>02/03/93</subfield><subfield code='t'>c</subfield><subfield code='s'>9110</subfield><subfield code='n'>PPT</subfield><subfield code='w'>NYWA92B1098</subfield><subfield code='d'>02/03/93</subfield><subfield code='c'>JU</subfield><subfield code='b'>AT</subfield><subfield code='i'>930203</subfield><subfield code='l'>PATG</subfield></datafield><datafield ind1=' ' ind2=' ' tag='ADM'><subfield code='b'>2017-08-26 04:29:49</subfield><subfield code='e'>b16221394-01tuli_inst</subfield><subfield code='d'>ILS</subfield><subfield code='a'>2017-06-20 06:03:03</subfield><subfield code='c'>false</subfield></datafield><datafield ind1='0' ind2=' ' tag='HLD'><subfield code='b'>BLOCKSON</subfield><subfield code='c'>rarestacks</subfield><subfield code='h'>N6608.B276A4 1992</subfield><subfield code='8'>22240233340003811</subfield></datafield><datafield ind1='1' ind2=' ' tag='HLD'><subfield code='b'>ROME</subfield><subfield code='c'>stacks</subfield><subfield code='h'>759.13 BAS</subfield><subfield code='8'>22240233390003811</subfield></datafield><datafield ind1=' ' ind2=' ' tag='ITM'><subfield code='r'>22240233390003811</subfield><subfield code='b'>1</subfield><subfield code='h'>1</subfield><subfield code='g'>stacks</subfield><subfield code='t'>BOOK</subfield><subfield code='9'>39074029530904</subfield><subfield code='e'>stacks</subfield><subfield code='8'>23240233380003811</subfield><subfield code='a'>12</subfield><subfield code='q'>2017-06-20 06:03:03</subfield><subfield code='i'>759.13 BAS</subfield><subfield code='d'>ROME</subfield><subfield code='f'>ROME</subfield></datafield><datafield ind1=' ' ind2=' ' tag='ITM'><subfield code='r'>22240233340003811</subfield><subfield code='b'>1</subfield><subfield code='h'>0</subfield><subfield code='g'>rarestacks</subfield><subfield code='t'>BOOK</subfield><subfield code='e'>rarestacks</subfield><subfield code='8'>23240233330003811</subfield><subfield code='a'>4</subfield><subfield code='q'>2017-06-20 06:03:03</subfield><subfield code='i'>N6608.B276A4 1992</subfield><subfield code='d'>BLOCKSON</subfield><subfield code='f'>BLOCKSON</subfield></datafield><datafield ind1=' ' ind2=' ' tag='ITM'><subfield code='r'>22240233390003811</subfield><subfield code='b'>1</subfield><subfield code='h'>1</subfield><subfield code='g'>stacks</subfield><subfield code='t'>BOOK</subfield><subfield code='9'>39074029530912</subfield><subfield code='e'>stacks</subfield><subfield code='8'>23240233370003811</subfield><subfield code='a'>12</subfield><subfield code='q'>2017-06-20 06:03:03</subfield><subfield code='i'>759.13 BAS</subfield><subfield code='d'>ROME</subfield><subfield code='f'>ROME</subfield></datafield></record>