
<record xmlns='http://www.loc.gov/MARC21/slim'><leader>01293cam a2200373 a 4500</leader><controlfield tag='005'>20170825215038.0</controlfield><controlfield tag='008'>051019s2005    nyua          000 0 eng d</controlfield><controlfield tag='001'>991030126719703811</controlfield><datafield ind1=' ' ind2=' ' tag='035'><subfield code='a'>(PPT)b35483106-01tuli_inst</subfield></datafield><datafield ind1=' ' ind2=' ' tag='035'><subfield code='a'>(OCoLC)ocn492599057</subfield><subfield code='9'>ExL</subfield></datafield><datafield ind1=' ' ind2=' ' tag='035'><subfield code='a'>(OCoLC)62113371</subfield></datafield><datafield ind1=' ' ind2=' ' tag='035'><subfield code='a'>62113371</subfield></datafield><datafield ind1=' ' ind2=' ' tag='035'><subfield code='a'>ocm62113371</subfield></datafield><datafield ind1=' ' ind2=' ' tag='035'><subfield code='a'>(OCLC)ocm62113371</subfield></datafield><datafield ind1=' ' ind2=' ' tag='040'><subfield code='a'>LAF</subfield><subfield code='c'>LAF</subfield><subfield code='d'>OCLCA</subfield><subfield code='d'>OCLCQ</subfield><subfield code='d'>PPT</subfield></datafield><datafield ind1=' ' ind2=' ' tag='079'><subfield code='a'>ocm62113371</subfield></datafield><datafield ind1=' ' ind2=' ' tag='090'><subfield code='a'>N6537.B233</subfield><subfield code='b'>A4x 2005</subfield></datafield><datafield ind1='1' ind2=' ' tag='100'><subfield code='a'>Basquiat, Jean-Michel,</subfield><subfield code='d'>1960-1988.</subfield></datafield><datafield ind1='1' ind2='0' tag='245'><subfield code='a'>Jean-Michel Basquiat :</subfield><subfield code='b'>in word only /</subfield><subfield code='c'>Richard D. Marshall ; with a remembrance by Annette I. Minkalis..</subfield></datafield><datafield ind1='3' ind2='0' tag='246'><subfield code='a'>In word only</subfield></datafield><datafield ind1=' ' ind2=' ' tag='260'><subfield code='a'>New York :</subfield><subfield code='b'>Cheim &amp; Read,</subfield><subfield code='c'>2005.</subfield></datafield><datafield ind1=' ' ind2=' ' tag='300'><subfield code='a'>65 p. :</subfield><subfield code='b'>ill. ;</subfield><subfield code='c'>30 cm.</subfield></datafield><datafield ind1=' ' ind2=' ' tag='500'><subfield code='a'>Edition of 1500 books produced on the occasion of the exhibition held February 17 to March 26, 2005 Cheim &amp; Read, New York.</subfield></datafield><datafield ind1=' ' ind2=' ' tag='541'><subfield code='a'>Rosenthal, Mark ;</subfield><subfield code='c'>Gift ;</subfield><subfield code='d'>2008</subfield></datafield><datafield ind1='1' ind2='0' tag='600'><subfield code='a'>Basquiat, Jean-Michel,</subfield><subfield code='d'>1960-1988</subfield><subfield code='v'>Exhibitions.</subfield></datafield><datafield ind1='1' ind2=' ' tag='700'><subfield code='a'>Marshall, Richard,</subfield><subfield code='d'>1947-2014</subfield></datafield><datafield ind1='1' ind2=' ' tag='700'><subfield code='a'>Minkalis, Annette I.</subfield></datafield><datafield ind1='2' ind2=' ' tag='710'><subfield code='a'>Cheim &amp; Read.</subfield></datafield><datafield ind1=' ' ind2=' ' tag='902'><subfield code='a'>160906</subfield></datafield><datafield ind1=' ' ind2=' ' tag='907'><subfield code='a'>.b35483106</subfield><subfield code='b'>k    </subfield><subfield code='c'>-</subfield></datafield><datafield ind1=' ' ind2=' ' tag='945'><subfield code='l'>kstk </subfield><subfield code='g'>1</subfield></datafield><datafield ind1=' ' ind2=' ' tag='979'><subfield code='a'>ocm62113371</subfield></datafield><datafield ind1=' ' ind2=' ' tag='998'><subfield code='b'>0</subfield><subfield code='c'>080729</subfield><subfield code='d'>m</subfield><subfield code='e'>a</subfield><subfield code='f'>-</subfield><subfield code='g'>0</subfield></datafield><datafield ind1=' ' ind2=' ' tag='998'><subfield code='a'>07/29/08</subfield><subfield code='s'>OCLC</subfield><subfield code='c'>RM</subfield></datafield><datafield ind1=' ' ind2=' ' tag='ADM'><subfield code='b'>2018-03-16 01:28:32</subfield><subfield code='e'>b35483106-01tuli_inst</subfield><subfield code='d'>ILS</subfield><subfield code='a'>2017-06-20 07:08:30</subfield><subfield code='c'>false</subfield></datafield><datafield ind1='0' ind2=' ' tag='HLD'><subfield code='b'>KARDON</subfield><subfield code='c'>p_remote</subfield><subfield code='h'>N6537.B233</subfield><subfield code='i'>A4x 2005</subfield><subfield code='8'>22261657840003811</subfield></datafield><datafield ind1=' ' ind2=' ' tag='ITM'><subfield code='r'>22261657840003811</subfield><subfield code='b'>1</subfield><subfield code='h'>0</subfield><subfield code='g'>p_remote</subfield><subfield code='t'>BOOK</subfield><subfield code='9'>39074023805401</subfield><subfield code='e'>p_remote</subfield><subfield code='8'>23261657830003811</subfield><subfield code='a'>0</subfield><subfield code='q'>2017-06-20 07:08:30</subfield><subfield code='i'>N6537.B233 A4x 2005</subfield><subfield code='d'>KARDON</subfield><subfield code='f'>KARDON</subfield></datafield></record>