
<record xmlns='http://www.loc.gov/MARC21/slim'><leader>01741cam a22004938i 4500</leader><controlfield tag='005'>20170826032527.0</controlfield><controlfield tag='008'>141120s2015    onca     c    000 0deng  </controlfield><controlfield tag='001'>991009229889703811</controlfield><datafield ind1=' ' ind2=' ' tag='020'><subfield code='a'>9783791354576 (bound)</subfield></datafield><datafield ind1=' ' ind2=' ' tag='020'><subfield code='a'>3791354574 (bound)</subfield></datafield><datafield ind1=' ' ind2=' ' tag='020'><subfield code='a'>9781894243810 (pbk.)</subfield></datafield><datafield ind1=' ' ind2=' ' tag='020'><subfield code='a'>1894243811 (pbk.)</subfield></datafield><datafield ind1=' ' ind2=' ' tag='035'><subfield code='a'>(PPT)b57680036-01tuli_inst</subfield></datafield><datafield ind1=' ' ind2=' ' tag='035'><subfield code='a'>(OCoLC)ocn907033533</subfield><subfield code='9'>ExL</subfield></datafield><datafield ind1=' ' ind2=' ' tag='035'><subfield code='a'>(OCoLC)897352504</subfield><subfield code='z'>(OCoLC)897352767</subfield></datafield><datafield ind1=' ' ind2=' ' tag='035'><subfield code='a'>ocn897352504</subfield></datafield><datafield ind1=' ' ind2=' ' tag='035'><subfield code='a'>(OCLC)ocn897352504</subfield></datafield><datafield ind1=' ' ind2=' ' tag='040'><subfield code='a'>NLC</subfield><subfield code='b'>eng</subfield><subfield code='e'>rda</subfield><subfield code='c'>NLC</subfield><subfield code='d'>OCLCO</subfield><subfield code='d'>OCLCA</subfield><subfield code='d'>OCLCF</subfield><subfield code='d'>NYP</subfield><subfield code='d'>WLU</subfield><subfield code='d'>W4M</subfield><subfield code='d'>OCLCO</subfield></datafield><datafield ind1=' ' ind2=' ' tag='043'><subfield code='a'>n-us---</subfield></datafield><datafield ind1=' ' ind2=' ' tag='079'><subfield code='a'>ocn897352504</subfield></datafield><datafield ind1=' ' ind2=' ' tag='090'><subfield code='a'>ND237.B2763</subfield><subfield code='b'>A4 2015</subfield></datafield><datafield ind1='1' ind2=' ' tag='100'><subfield code='a'>Basquiat, Jean-Michel,</subfield><subfield code='d'>1960-1988,</subfield><subfield code='e'>author.</subfield></datafield><datafield ind1='0' ind2='0' tag='240'><subfield code='a'>Paintings.</subfield><subfield code='k'>Selections</subfield></datafield><datafield ind1='1' ind2='0' tag='245'><subfield code='a'>Jean-Michel Basquiat :</subfield><subfield code='b'>now&apos;s the time /</subfield><subfield code='c'>edited by Dieter Buchhart.</subfield></datafield><datafield ind1=' ' ind2=' ' tag='263'><subfield code='a'>1502</subfield></datafield><datafield ind1=' ' ind2='1' tag='264'><subfield code='a'>Toronto, Ontario :</subfield><subfield code='b'>Art Gallery of Ontario,</subfield><subfield code='c'>2015.</subfield></datafield><datafield ind1=' ' ind2=' ' tag='300'><subfield code='a'>227 pages :</subfield><subfield code='b'>color illustrations ;</subfield><subfield code='c'>30 cm </subfield></datafield><datafield ind1=' ' ind2=' ' tag='336'><subfield code='a'>text</subfield><subfield code='b'>txt</subfield><subfield code='2'>rdacontent</subfield></datafield><datafield ind1=' ' ind2=' ' tag='336'><subfield code='a'>still image</subfield><subfield code='b'>sti</subfield><subfield code='2'>rdacontent</subfield></datafield><datafield ind1=' ' ind2=' ' tag='337'><subfield code='a'>unmediated</subfield><subfield code='b'>n</subfield><subfield code='2'>rdamedia</subfield></datafield><datafield ind1=' ' ind2=' ' tag='338'><subfield code='a'>volume</subfield><subfield code='b'>nc</subfield><subfield code='2'>rdacarrier</subfield></datafield><datafield ind1='1' ind2='0' tag='600'><subfield code='a'>Basquiat, Jean-Michel,</subfield><subfield code='d'>1960-1988.</subfield></datafield><datafield ind1='1' ind2='0' tag='600'><subfield code='a'>Basquiat, Jean-Michel,</subfield><subfield code='d'>1960-1988</subfield><subfield code='x'>Criticism and interpretation.</subfield></datafield><datafield ind1=' ' ind2='0' tag='650'><subfield code='a'>African American artists</subfield><subfield code='v'>Exhibitions.</subfield></datafield><datafield ind1=' ' ind2='7' tag='655'><subfield code='a'>Criticism, interpretation, etc.</subfield><subfield code='2'>fast</subfield><subfield code='0'>(OCoLC)fst01411635</subfield></datafield><datafield ind1='1' ind2=' ' tag='700'><subfield code='a'>Buchhart, Dieter,</subfield><subfield code='d'>1971-</subfield><subfield code='e'>editor.</subfield></datafield><datafield ind1='2' ind2=' ' tag='710'><subfield code='a'>Art Gallery of Ontario,</subfield><subfield code='e'>issuing body.</subfield></datafield><datafield ind1=' ' ind2=' ' tag='902'><subfield code='a'>170414</subfield></datafield><datafield ind1=' ' ind2=' ' tag='907'><subfield code='a'>.b57680036</subfield><subfield code='b'>multi</subfield><subfield code='c'>-</subfield></datafield><datafield ind1=' ' ind2=' ' tag='945'><subfield code='l'>jtcas</subfield><subfield code='a'>N6537.B233 A4 2015</subfield><subfield code='g'>1</subfield></datafield><datafield ind1=' ' ind2=' ' tag='945'><subfield code='l'>pstk </subfield><subfield code='g'>1</subfield></datafield><datafield ind1=' ' ind2=' ' tag='979'><subfield code='a'>ocn897352504</subfield></datafield><datafield ind1=' ' ind2=' ' tag='998'><subfield code='b'>2</subfield><subfield code='c'>150325</subfield><subfield code='d'>m</subfield><subfield code='e'>a</subfield><subfield code='f'>-</subfield><subfield code='g'>0</subfield></datafield><datafield ind1=' ' ind2=' ' tag='998'><subfield code='a'>03/25/15</subfield><subfield code='s'>OCLC</subfield><subfield code='c'>AT</subfield></datafield><datafield ind1=' ' ind2=' ' tag='ADM'><subfield code='b'>2017-08-26 07:25:27</subfield><subfield code='e'>b57680036-01tuli_inst</subfield><subfield code='d'>ILS</subfield><subfield code='a'>2017-06-20 06:49:24</subfield><subfield code='c'>false</subfield></datafield><datafield ind1='0' ind2=' ' tag='HLD'><subfield code='b'>JAPAN</subfield><subfield code='c'>stacks</subfield><subfield code='h'>N6537.B233 A4 2015</subfield><subfield code='8'>22255299870003811</subfield></datafield><datafield ind1='0' ind2=' ' tag='HLD'><subfield code='b'>MAIN</subfield><subfield code='c'>stacks</subfield><subfield code='h'>ND237.B2763</subfield><subfield code='i'>A4 2015</subfield><subfield code='8'>22255299940003811</subfield></datafield><datafield ind1=' ' ind2=' ' tag='ITM'><subfield code='r'>22255299940003811</subfield><subfield code='b'>1</subfield><subfield code='h'>0</subfield><subfield code='g'>stacks</subfield><subfield code='t'>BOOK</subfield><subfield code='9'>39074029786001</subfield><subfield code='e'>stacks</subfield><subfield code='8'>23255299880003811</subfield><subfield code='a'>0</subfield><subfield code='q'>2017-06-20 06:49:24</subfield><subfield code='i'>ND237.B2763 A4 2015</subfield><subfield code='d'>MAIN</subfield><subfield code='f'>MAIN</subfield></datafield><datafield ind1=' ' ind2=' ' tag='ITM'><subfield code='r'>22255299870003811</subfield><subfield code='b'>1</subfield><subfield code='h'>0</subfield><subfield code='g'>stacks</subfield><subfield code='t'>BOOK</subfield><subfield code='9'>31982020081032</subfield><subfield code='e'>stacks</subfield><subfield code='8'>23255299860003811</subfield><subfield code='a'>0</subfield><subfield code='q'>2017-06-20 06:49:24</subfield><subfield code='i'>N6537.B233 A4 2015</subfield><subfield code='d'>JAPAN</subfield><subfield code='f'>JAPAN</subfield></datafield></record>