
<record xmlns='http://www.loc.gov/MARC21/slim'><leader>02804cgm a2200613 a 4500</leader><controlfield tag='005'>20170825183243.0</controlfield><controlfield tag='007'>vd mvaizs</controlfield><controlfield tag='008'>100921s2010    nyu093 g          vleng d</controlfield><controlfield tag='001'>991035989749703811</controlfield><datafield ind1=' ' ind2=' ' tag='020'><subfield code='a'>1422988228</subfield></datafield><datafield ind1=' ' ind2=' ' tag='020'><subfield code='a'>9781422988220</subfield></datafield><datafield ind1='1' ind2='0' tag='024'><subfield code='a'>767685225073</subfield></datafield><datafield ind1='4' ind2='2' tag='028'><subfield code='a'>NNVG225071</subfield><subfield code='b'>New Video Group</subfield></datafield><datafield ind1=' ' ind2=' ' tag='035'><subfield code='a'>(PPT)b54874075-01tuli_inst</subfield></datafield><datafield ind1=' ' ind2=' ' tag='035'><subfield code='a'>(OCoLC)ocn858848274</subfield><subfield code='9'>ExL</subfield></datafield><datafield ind1=' ' ind2=' ' tag='035'><subfield code='a'>ocn664736886</subfield></datafield><datafield ind1=' ' ind2=' ' tag='035'><subfield code='a'>(OCLC)ocn664736886</subfield></datafield><datafield ind1=' ' ind2=' ' tag='040'><subfield code='a'>TEFMT</subfield><subfield code='b'>eng</subfield><subfield code='c'>TEFMT</subfield><subfield code='d'>TEF</subfield><subfield code='d'>BKX</subfield><subfield code='d'>YDXCP</subfield><subfield code='d'>WAU</subfield><subfield code='d'>VP@</subfield><subfield code='d'>ORU</subfield><subfield code='d'>OCLCA</subfield><subfield code='d'>OCLCQ</subfield><subfield code='d'>OKN</subfield><subfield code='d'>OCLCA</subfield><subfield code='d'>PPT</subfield></datafield><datafield ind1=' ' ind2=' ' tag='043'><subfield code='a'>n-us-ny</subfield></datafield><datafield ind1=' ' ind2=' ' tag='079'><subfield code='a'>ocn664736886</subfield></datafield><datafield ind1=' ' ind2=' ' tag='090'><subfield code='a'>N6537.B233</subfield><subfield code='b'>J43 2010</subfield></datafield><datafield ind1='0' ind2='0' tag='245'><subfield code='a'>Jean-Michel Basquiat</subfield><subfield code='h'>[videorecording] :</subfield><subfield code='b'>the radiant child /</subfield><subfield code='c'>Arthouse Films, Curiously Bright Entertainment &amp; LM Media Gmbh present ; in association with Fortissimo Films ; produced by David Koh ... [et al.] ; a film by Tamra Davis ; produced &amp; directed by Tamra Davis.</subfield></datafield><datafield ind1='3' ind2='0' tag='246'><subfield code='a'>Radiant child</subfield></datafield><datafield ind1=' ' ind2=' ' tag='250'><subfield code='a'>[Widescreen format]</subfield></datafield><datafield ind1=' ' ind2=' ' tag='257'><subfield code='a'>United States</subfield></datafield><datafield ind1=' ' ind2=' ' tag='260'><subfield code='a'>[New York] :</subfield><subfield code='b'>Distributed by New Video,</subfield><subfield code='c'>[2010]</subfield></datafield><datafield ind1=' ' ind2=' ' tag='300'><subfield code='a'>1 videodisc (ca. 93 min.) :</subfield><subfield code='b'>sd., col. with b&amp;w sequences ;</subfield><subfield code='c'>4 3/4 in.</subfield></datafield><datafield ind1='1' ind2=' ' tag='490'><subfield code='a'>Arthouse films ;</subfield><subfield code='v'>018</subfield></datafield><datafield ind1=' ' ind2=' ' tag='538'><subfield code='a'>DVD; NTSC;  Dolby Digital stereo.; widescreen presentation.</subfield></datafield><datafield ind1=' ' ind2=' ' tag='500'><subfield code='a'>Originally produced as a documentary film in 2010.</subfield></datafield><datafield ind1=' ' ind2=' ' tag='500'><subfield code='a'>Bonus features: uncut interview with filmmaker Tamra Davis (30 min.); theatrical trailer.</subfield></datafield><datafield ind1=' ' ind2=' ' tag='508'><subfield code='a'>Cinematographers, Tamra Davis, David Koh, Harry Geller ; editor, Alexis Manya Spraic ; music by J. Ralph, Adam Horovitz, Mike Diamond.</subfield></datafield><datafield ind1=' ' ind2=' ' tag='520'><subfield code='a'>In his short career, Jean-Michel Basquiat was a phenomenon. He became notorious for his graffiti art under the moniker Samo in the late 1970s on the Lower East Side scene, sold his first painting to Deborah Harry for $200, and became best friends with Andy Warhol. Appreciated by both the art cognoscenti and the public, Basquiat was launched into international stardom.</subfield></datafield><datafield ind1='1' ind2='0' tag='600'><subfield code='a'>Basquiat, Jean-Michel,</subfield><subfield code='d'>1960-1988.</subfield></datafield><datafield ind1=' ' ind2='0' tag='650'><subfield code='a'>Graffiti</subfield><subfield code='z'>New York (State)</subfield><subfield code='z'>New York.</subfield></datafield><datafield ind1=' ' ind2='0' tag='650'><subfield code='a'>Artists</subfield><subfield code='z'>New York (State)</subfield><subfield code='z'>New York.</subfield></datafield><datafield ind1=' ' ind2='4' tag='655'><subfield code='a'>Feature films</subfield><subfield code='z'>United States.</subfield></datafield><datafield ind1=' ' ind2='7' tag='655'><subfield code='a'>Documentary films.</subfield><subfield code='2'>lcgft</subfield></datafield><datafield ind1=' ' ind2='7' tag='655'><subfield code='a'>Nonfiction films.</subfield><subfield code='2'>lcgft</subfield></datafield><datafield ind1=' ' ind2='7' tag='655'><subfield code='a'>Feature films.</subfield><subfield code='2'>lcgft</subfield></datafield><datafield ind1='1' ind2=' ' tag='700'><subfield code='a'>Davis, Tamra.</subfield><subfield code='4'>aus</subfield><subfield code='4'>drt</subfield></datafield><datafield ind1='1' ind2=' ' tag='700'><subfield code='a'>Koh, David.</subfield><subfield code='4'>pro</subfield></datafield><datafield ind1='2' ind2=' ' tag='710'><subfield code='a'>Arthouse Films.</subfield></datafield><datafield ind1='2' ind2=' ' tag='710'><subfield code='a'>Curiously Bright Entertainment (Firm)</subfield></datafield><datafield ind1='2' ind2=' ' tag='710'><subfield code='a'>LM Media (Firm)</subfield></datafield><datafield ind1='2' ind2=' ' tag='710'><subfield code='a'>Fortissimo Films.</subfield></datafield><datafield ind1='2' ind2=' ' tag='710'><subfield code='a'>New Video Group.</subfield></datafield><datafield ind1=' ' ind2='0' tag='830'><subfield code='a'>Arthouse films (Series) ;</subfield><subfield code='v'>018.</subfield></datafield><datafield ind1=' ' ind2=' ' tag='902'><subfield code='a'>161213</subfield></datafield><datafield ind1=' ' ind2=' ' tag='907'><subfield code='a'>.b54874075</subfield><subfield code='b'>pmed </subfield><subfield code='c'>g</subfield></datafield><datafield ind1=' ' ind2=' ' tag='945'><subfield code='l'>pmed </subfield><subfield code='g'>1</subfield></datafield><datafield ind1=' ' ind2=' ' tag='979'><subfield code='a'>ocn664736886</subfield></datafield><datafield ind1=' ' ind2=' ' tag='998'><subfield code='b'>0</subfield><subfield code='c'>130912</subfield><subfield code='d'>m</subfield><subfield code='e'>g</subfield><subfield code='f'>g</subfield><subfield code='g'>0</subfield></datafield><datafield ind1=' ' ind2=' ' tag='998'><subfield code='a'>09/12/13</subfield><subfield code='s'>OCLC</subfield><subfield code='c'>RM</subfield></datafield><datafield ind1=' ' ind2=' ' tag='ADM'><subfield code='b'>2017-08-25 22:32:43</subfield><subfield code='e'>b54874075-01tuli_inst</subfield><subfield code='d'>ILS</subfield><subfield code='a'>2017-06-20 09:58:48</subfield><subfield code='c'>false</subfield></datafield><datafield ind1='0' ind2=' ' tag='HLD'><subfield code='b'>MEDIA</subfield><subfield code='c'>media</subfield><subfield code='h'>N6537.B233</subfield><subfield code='i'>J43 2010</subfield><subfield code='8'>22298817820003811</subfield></datafield><datafield ind1=' ' ind2=' ' tag='ITM'><subfield code='r'>22298817820003811</subfield><subfield code='b'>1</subfield><subfield code='h'>0</subfield><subfield code='g'>media</subfield><subfield code='t'>DVD</subfield><subfield code='9'>39074028542223</subfield><subfield code='e'>media</subfield><subfield code='8'>23298817810003811</subfield><subfield code='a'>5</subfield><subfield code='q'>2017-06-20 09:58:48</subfield><subfield code='i'>N6537.B233 J43 2010</subfield><subfield code='d'>MEDIA</subfield><subfield code='f'>MEDIA</subfield></datafield></record>