
<record xmlns='http://www.loc.gov/MARC21/slim'><leader>01920cjm a22003733i 4500</leader><controlfield tag='005'>20100607235932.0</controlfield><controlfield tag='006'>m||||||||h||||||||</controlfield><controlfield tag='007'>cr||na---||a|a</controlfield><controlfield tag='007'>sz|z|nnnnnzned</controlfield><controlfield tag='008'>060813s2005    cauppn| s        || zxx d</controlfield><controlfield tag='001'>991018874869703811</controlfield><datafield ind1=' ' ind2=' ' tag='035'><subfield code='a'>(PPT)b49259180-01tuli_inst</subfield></datafield><datafield ind1=' ' ind2=' ' tag='035'><subfield code='a'>(VaAlASP)ASP597759/jazz</subfield><subfield code='9'>ExL</subfield></datafield><datafield ind1=' ' ind2=' ' tag='040'><subfield code='a'>DLC</subfield><subfield code='c'>DLC</subfield><subfield code='d'>VaAlASP</subfield></datafield><datafield ind1=' ' ind2=' ' tag='090'><subfield code='a'>SDB 45887</subfield></datafield><datafield ind1='0' ind2='0' tag='245'><subfield code='a'>Basquiat salutes jazz</subfield><subfield code='h'>[electronic resource].</subfield></datafield><datafield ind1=' ' ind2=' ' tag='260'><subfield code='a'>Berkeley, CA :</subfield><subfield code='b'>Prestige,</subfield><subfield code='c'>p2005.</subfield></datafield><datafield ind1=' ' ind2=' ' tag='300'><subfield code='a'>1 online resource.</subfield></datafield><datafield ind1='0' ind2=' ' tag='490'><subfield code='a'>Mixed media series</subfield></datafield><datafield ind1=' ' ind2=' ' tag='500'><subfield code='a'>Brief record.</subfield></datafield><datafield ind1=' ' ind2=' ' tag='500'><subfield code='a'>Originally issued as compact disc.</subfield></datafield><datafield ind1='0' ind2='0' tag='505'><subfield code='a'>I&apos;ll remember April / Miles Davis -- Salt peanuts / Charlie Parker, Dizzy Gillespie, Bud Powell, Max Roach, Charles Mingus -- Kiss and run / Sonny Rollins -- Billie&apos;s bounce / The Red Garland Quinter with John Coltrane -- Cherokee / Sonny Stitt -- &apos;Round midnight / Thelonious Monk Quartet -- It&apos;s you or no one / Max Roach -- Caravan / Art Blakey and the Jazz Messengers -- Be bop : Dizzy&apos;s fingers / Dizzy Gillespie -- Haitian fight song / Charles Mingus Quartet plus Max Roach -- Anthropology : no. 1 / Fats Navarro featured with Tadd Dameron Band -- Ornithology / Charlie Parker.</subfield></datafield><datafield ind1='0' ind2=' ' tag='511'><subfield code='a'>Jean-Michel Basquiat.</subfield></datafield><datafield ind1=' ' ind2=' ' tag='533'><subfield code='a'>Electronic reproduction.</subfield><subfield code='b'>Alexandria, VA :</subfield><subfield code='c'>Alexander Street Press,</subfield><subfield code='d'>2009.</subfield><subfield code='f'>(Jazz music library).</subfield><subfield code='n'>Available via World Wide Web.</subfield></datafield><datafield ind1=' ' ind2=' ' tag='590'><subfield code='a'>Access is available to the Temple Community through use of a networked computer with a Temple IP address.</subfield></datafield><datafield ind1=' ' ind2='0' tag='655'><subfield code='a'>Streaming audio.</subfield></datafield><datafield ind1='2' ind2=' ' tag='710'><subfield code='a'>Alexander Street Press.</subfield></datafield><datafield ind1='1' ind2=' ' tag='776'><subfield code='c'>Original UPC</subfield><subfield code='o'>025218313124</subfield></datafield><datafield ind1='1' ind2=' ' tag='776'><subfield code='c'>Original</subfield><subfield code='w'>(DLC) 2006580183</subfield></datafield><datafield ind1=' ' ind2='0' tag='830'><subfield code='a'>Jazz music library.</subfield></datafield><datafield ind1='4' ind2='0' tag='856'><subfield code='z'>Access full text online.</subfield><subfield code='u'>http://libproxy.temple.edu/login?url=http://www.aspresolver.com/aspresolver.asp?JAZZ;597759</subfield></datafield><datafield ind1=' ' ind2=' ' tag='907'><subfield code='a'>.b49259180</subfield><subfield code='b'>w    </subfield><subfield code='c'>-</subfield></datafield><datafield ind1=' ' ind2=' ' tag='902'><subfield code='a'>111206</subfield></datafield><datafield ind1=' ' ind2=' ' tag='998'><subfield code='b'>1</subfield><subfield code='c'>110827</subfield><subfield code='d'>m</subfield><subfield code='e'>j</subfield><subfield code='f'>-</subfield><subfield code='g'>0</subfield></datafield><datafield ind1=' ' ind2=' ' tag='945'><subfield code='l'>w    </subfield><subfield code='g'>1</subfield></datafield><datafield ind1=' ' ind2=' ' tag='ADM'><subfield code='b'>2017-08-04 08:30:19</subfield><subfield code='e'>b49259180-01tuli_inst</subfield><subfield code='d'>ILS</subfield><subfield code='a'>2017-06-20 06:22:31</subfield><subfield code='c'>false</subfield></datafield><datafield ind1=' ' ind2=' ' tag='PRT'><subfield code='a'>53374783900003811</subfield><subfield code='b'>https://sandbox01-na.alma.exlibrisgroup.com/view/uresolver/01TULI_INST/openurl?u.ignore_date_coverage=true&amp;rft.mms_id=991018874869703811</subfield><subfield code='f'>Access full text online.</subfield><subfield code='9'>Available</subfield><subfield code='d'>MAIN</subfield><subfield code='c'>Music Online: Jazz Music Library</subfield><subfield code='8'>53374783900003811</subfield></datafield></record>