
<record xmlns='http://www.loc.gov/MARC21/slim'><leader>00873nam  2200265   4500</leader><controlfield tag='001'>991036894401003811</controlfield><controlfield tag='005'>20170822104401.0</controlfield><controlfield tag='006'>m     o  d |      </controlfield><controlfield tag='007'>cr cn|||||||||</controlfield><controlfield tag='008'>201208r2005    ag |||||o|||||||||||spa d</controlfield><datafield ind1=' ' ind2=' ' tag='020'><subfield code='a'>1-4294-3201-2</subfield></datafield><datafield ind1=' ' ind2=' ' tag='035'><subfield code='a'>(CKB)1000000000369903</subfield></datafield><datafield ind1=' ' ind2=' ' tag='035'><subfield code='a'>(OCoLC)847264047</subfield></datafield><datafield ind1=' ' ind2=' ' tag='035'><subfield code='a'>(CaPaEBR)ebrary10090116</subfield></datafield><datafield ind1=' ' ind2=' ' tag='035'><subfield code='a'>(SSID)ssj0001025123</subfield></datafield><datafield ind1=' ' ind2=' ' tag='035'><subfield code='a'>(PQKBManifestationID)11611985</subfield></datafield><datafield ind1=' ' ind2=' ' tag='035'><subfield code='a'>(PQKBTitleCode)TC0001025123</subfield></datafield><datafield ind1=' ' ind2=' ' tag='035'><subfield code='a'>(PQKBWorkID)10994370</subfield></datafield><datafield ind1=' ' ind2=' ' tag='035'><subfield code='a'>(PQKB)11106603</subfield></datafield><datafield ind1=' ' ind2=' ' tag='035'><subfield code='a'>(MiAaPQ)EBC3161687</subfield></datafield><datafield ind1=' ' ind2=' ' tag='035'><subfield code='a'>(EXLCZ)991000000000369903</subfield></datafield><datafield ind1=' ' ind2=' ' tag='040'><subfield code='a'>MiAaPQ</subfield><subfield code='c'>MiAaPQ</subfield><subfield code='d'>MiAaPQ</subfield></datafield><datafield ind1=' ' ind2=' ' tag='041'><subfield code='a'>spa</subfield></datafield><datafield ind1=' ' ind2='4' tag='050'><subfield code='a'>N6537.B24</subfield><subfield code='b'>E743 2005</subfield></datafield><datafield ind1=' ' ind2=' ' tag='080'><subfield code='a'>929</subfield></datafield><datafield ind1='1' ind2=' ' tag='100'><subfield code='a'>Escalonia Morena, Iván.</subfield></datafield><datafield ind1='1' ind2='0' tag='245'><subfield code='a'>Jean Michel Basquiat</subfield><subfield code='h'>[recurso electronico] /</subfield><subfield code='c'>Iván Escalonia Morena.</subfield></datafield><datafield ind1=' ' ind2=' ' tag='260'><subfield code='a'>[Santa Fe, Argentina] :</subfield><subfield code='b'>El Cid Editor,</subfield><subfield code='c'>[2005]</subfield></datafield><datafield ind1=' ' ind2=' ' tag='260'><subfield code='a'>[Santa Fe, Argentina] :</subfield><subfield code='b'>El Cid Editor,</subfield><subfield code='c'>[2005]</subfield></datafield><datafield ind1=' ' ind2=' ' tag='300'><subfield code='a'>1 online resource (14 p.) </subfield></datafield><datafield ind1=' ' ind2=' ' tag='336'><subfield code='a'>text</subfield><subfield code='b'>txt</subfield></datafield><datafield ind1=' ' ind2=' ' tag='337'><subfield code='a'>computer</subfield><subfield code='b'>c</subfield></datafield><datafield ind1=' ' ind2=' ' tag='338'><subfield code='a'>online resource</subfield><subfield code='b'>cr</subfield></datafield><datafield ind1=' ' ind2=' ' tag='500'><subfield code='a'>Bibliographic Level Mode of Issuance: Monograph</subfield></datafield><datafield ind1=' ' ind2=' ' tag='546'><subfield code='a'>Spanish</subfield></datafield><datafield ind1=' ' ind2='4' tag='650'><subfield code='a'>Biografías.</subfield></datafield><datafield ind1=' ' ind2='4' tag='650'><subfield code='a'>Pintura.</subfield></datafield><datafield ind1=' ' ind2='4' tag='650'><subfield code='a'>Artists</subfield><subfield code='z'>United States</subfield><subfield code='x'>Biography.</subfield></datafield><datafield ind1=' ' ind2='4' tag='650'><subfield code='a'>Painting.</subfield></datafield><datafield ind1=' ' ind2='4' tag='655'><subfield code='a'>Electronic books.</subfield></datafield><datafield ind1=' ' ind2=' ' tag='776'><subfield code='z'>1-4135-8291-5</subfield></datafield><datafield ind1='2' ind2=' ' tag='710'><subfield code='a'>e-libro, Corp.</subfield></datafield><datafield ind1=' ' ind2=' ' tag='906'><subfield code='a'>BOOK</subfield></datafield><datafield ind1=' ' ind2=' ' tag='PRT'><subfield code='a'>53419065090003811</subfield><subfield code='b'>https://sandbox01-na.alma.exlibrisgroup.com/view/uresolver/01TULI_INST/openurl?u.ignore_date_coverage=true&amp;rft.mms_id=991036894401003811</subfield><subfield code='e'>Ebook Central</subfield><subfield code='c'>Elibro via Ebook Central Cátedra</subfield><subfield code='h'>613790000000001523</subfield><subfield code='8'>53419065090003811</subfield></datafield></record>