
<record xmlns='http://www.loc.gov/MARC21/slim'><leader>01513nam a2200421 a 4500</leader><controlfield tag='005'>20180322145539.0</controlfield><controlfield tag='008'>930527s1993    nyua          000 0deng d</controlfield><controlfield tag='001'>991002886549703811</controlfield><datafield ind1=' ' ind2=' ' tag='020'><subfield code='a'>1881616029</subfield></datafield><datafield ind1=' ' ind2=' ' tag='035'><subfield code='a'>(PPT)b18353101-01tuli_inst</subfield></datafield><datafield ind1=' ' ind2=' ' tag='035'><subfield code='a'>(CStRLIN)ocn483310064</subfield><subfield code='9'>ExL</subfield></datafield><datafield ind1=' ' ind2=' ' tag='035'><subfield code='a'>PATW93-B00188</subfield></datafield><datafield ind1=' ' ind2=' ' tag='035'><subfield code='a'>ocm27875846</subfield></datafield><datafield ind1=' ' ind2=' ' tag='035'><subfield code='a'>(OCLC)ocm27875846</subfield></datafield><datafield ind1=' ' ind2=' ' tag='040'><subfield code='a'>NNU</subfield><subfield code='c'>NNU</subfield><subfield code='d'>PPT-B</subfield></datafield><datafield ind1=' ' ind2=' ' tag='079'><subfield code='a'>ocm27875846</subfield></datafield><datafield ind1=' ' ind2=' ' tag='090'><subfield code='a'>N6608.B276A7x 1993</subfield></datafield><datafield ind1='1' ind2=' ' tag='100'><subfield code='a'>Basquiat, Jean Michel.</subfield></datafield><datafield ind1='0' ind2='0' tag='240'><subfield code='a'>Notebooks</subfield></datafield><datafield ind1='1' ind2='0' tag='245'><subfield code='a'>Jean-Michel Basquiat, The notebooks /</subfield><subfield code='c'>compiled and edited by Larry Warsh ; introduction by Henry Geldzahler ; essays by Demosthenes Davvetas ... [et al.].</subfield></datafield><datafield ind1=' ' ind2=' ' tag='260'><subfield code='a'>New York :</subfield><subfield code='b'>Art + Knowledge :</subfield><subfield code='b'>Available through Distributed Art Publishers,</subfield><subfield code='c'>1993.</subfield></datafield><datafield ind1=' ' ind2=' ' tag='300'><subfield code='a'>167 p. :</subfield><subfield code='b'>ill. (some col.) ;</subfield><subfield code='c'>32 cm.</subfield></datafield><datafield ind1=' ' ind2=' ' tag='500'><subfield code='a'>Spine title: Jean-Michel Basquiat Notebooks.</subfield></datafield><datafield ind1='1' ind2='0' tag='600'><subfield code='a'>Basquiat, Jean Michel.</subfield><subfield code='t'>Notebooks.</subfield></datafield><datafield ind1='1' ind2='0' tag='600'><subfield code='a'>Basquiat, Jean Michel</subfield><subfield code='x'>Criticism and interpretation.</subfield></datafield><datafield ind1='1' ind2=' ' tag='700'><subfield code='a'>Warsh, Larry.</subfield></datafield><datafield ind1='1' ind2=' ' tag='700'><subfield code='a'>Davvetas, Demosthenes,</subfield><subfield code='d'>1955-</subfield></datafield><datafield ind1='0' ind2=' ' tag='740'><subfield code='a'>Jean-Michel Basquiat Notebooks.</subfield></datafield><datafield ind1=' ' ind2=' ' tag='907'><subfield code='a'>.b18353101</subfield><subfield code='b'>multi</subfield><subfield code='c'>-</subfield></datafield><datafield ind1=' ' ind2=' ' tag='935'><subfield code='a'>00689614</subfield></datafield><datafield ind1=' ' ind2=' ' tag='945'><subfield code='l'>b    </subfield><subfield code='g'>1</subfield></datafield><datafield ind1=' ' ind2=' ' tag='945'><subfield code='l'>pstk </subfield><subfield code='g'>1</subfield></datafield><datafield ind1=' ' ind2=' ' tag='945'><subfield code='l'>irstk</subfield><subfield code='a'>759.13</subfield><subfield code='b'>BAS       </subfield><subfield code='g'>1</subfield></datafield><datafield ind1=' ' ind2=' ' tag='950'><subfield code='l'>BLOC</subfield><subfield code='i'>05/27/93 C</subfield></datafield><datafield ind1=' ' ind2=' ' tag='955'><subfield code='l'>BLOC</subfield><subfield code='c'>1</subfield><subfield code='i'>05/27/93 C</subfield></datafield><datafield ind1=' ' ind2=' ' tag='979'><subfield code='a'>ocm27875846</subfield></datafield><datafield ind1=' ' ind2=' ' tag='998'><subfield code='b'>4</subfield><subfield code='c'>990101</subfield><subfield code='d'>m</subfield><subfield code='e'>a</subfield><subfield code='f'>-</subfield><subfield code='g'>0</subfield></datafield><datafield ind1=' ' ind2=' ' tag='998'><subfield code='a'>05/27/93</subfield><subfield code='t'>c</subfield><subfield code='s'>9114</subfield><subfield code='n'>PPT-B</subfield><subfield code='w'>NYUG93B14681</subfield><subfield code='d'>05/27/93</subfield><subfield code='c'>AB</subfield><subfield code='b'>MJ</subfield><subfield code='i'>930527</subfield><subfield code='l'>PATW</subfield></datafield><datafield ind1=' ' ind2=' ' tag='ADM'><subfield code='b'>2018-03-22 18:55:39</subfield><subfield code='e'>b18353101-01tuli_inst</subfield><subfield code='d'>ILS</subfield><subfield code='a'>2017-06-20 09:29:43</subfield><subfield code='c'>false</subfield></datafield><datafield ind1='1' ind2=' ' tag='HLD'><subfield code='b'>ROME</subfield><subfield code='c'>stacks</subfield><subfield code='h'>759.13 BAS</subfield><subfield code='8'>22294420620003811</subfield></datafield><datafield ind1='0' ind2=' ' tag='HLD'><subfield code='b'>MAIN</subfield><subfield code='c'>stacks</subfield><subfield code='h'>N6608.B276A7x 1993</subfield><subfield code='8'>22294420700003811</subfield></datafield><datafield ind1='0' ind2=' ' tag='HLD'><subfield code='b'>BLOCKSON</subfield><subfield code='c'>rarestacks</subfield><subfield code='h'>N6608.B276A7x 1993</subfield><subfield code='8'>22294420650003811</subfield></datafield><datafield ind1=' ' ind2=' ' tag='ITM'><subfield code='r'>22294420620003811</subfield><subfield code='b'>1</subfield><subfield code='h'>1</subfield><subfield code='g'>stacks</subfield><subfield code='t'>BOOK</subfield><subfield code='9'>39074029530920</subfield><subfield code='e'>stacks</subfield><subfield code='8'>23294420610003811</subfield><subfield code='a'>12</subfield><subfield code='q'>2017-06-20 09:29:43</subfield><subfield code='i'>759.13 BAS</subfield><subfield code='d'>ROME</subfield><subfield code='f'>ROME</subfield></datafield><datafield ind1=' ' ind2=' ' tag='ITM'><subfield code='r'>22294420700003811</subfield><subfield code='b'>1</subfield><subfield code='h'>0</subfield><subfield code='g'>stacks</subfield><subfield code='t'>BOOK</subfield><subfield code='9'>39074028543304</subfield><subfield code='e'>stacks</subfield><subfield code='8'>23294420670003811</subfield><subfield code='a'>0</subfield><subfield code='q'>2017-06-20 09:29:43</subfield><subfield code='i'>N6608.B276A7x 1993</subfield><subfield code='d'>MAIN</subfield><subfield code='f'>MAIN</subfield></datafield><datafield ind1=' ' ind2=' ' tag='ITM'><subfield code='r'>22294420650003811</subfield><subfield code='b'>1</subfield><subfield code='h'>0</subfield><subfield code='g'>rarestacks</subfield><subfield code='t'>BOOK</subfield><subfield code='e'>rarestacks</subfield><subfield code='8'>23294420630003811</subfield><subfield code='a'>4</subfield><subfield code='q'>2017-06-20 09:29:43</subfield><subfield code='i'>N6608.B276A7x 1993</subfield><subfield code='d'>BLOCKSON</subfield><subfield code='f'>BLOCKSON</subfield></datafield></record>