
<record xmlns='http://www.loc.gov/MARC21/slim'><leader>01499cam a22004454a 4500</leader><controlfield tag='005'>20180315194005.0</controlfield><controlfield tag='008'>061127s2006    it a     bc   000 0deng d</controlfield><controlfield tag='001'>991025526049703811</controlfield><datafield ind1=' ' ind2=' ' tag='010'><subfield code='a'>2006382855</subfield></datafield><datafield ind1=' ' ind2=' ' tag='020'><subfield code='a'>9788876249273 :</subfield><subfield code='c'>70.00 EUR</subfield></datafield><datafield ind1=' ' ind2=' ' tag='020'><subfield code='a'>8876249273 :</subfield><subfield code='c'>70.00 EUR</subfield></datafield><datafield ind1=' ' ind2=' ' tag='035'><subfield code='a'>(PPT)b33072395-01tuli_inst</subfield></datafield><datafield ind1=' ' ind2=' ' tag='035'><subfield code='a'>(DLC)ocn492249114</subfield><subfield code='9'>ExL</subfield></datafield><datafield ind1=' ' ind2=' ' tag='035'><subfield code='a'>  2006382855</subfield></datafield><datafield ind1=' ' ind2=' ' tag='035'><subfield code='a'>ocm76784868</subfield></datafield><datafield ind1=' ' ind2=' ' tag='035'><subfield code='a'>(OCLC)ocm76784868</subfield></datafield><datafield ind1=' ' ind2=' ' tag='040'><subfield code='a'>ItFiC</subfield><subfield code='c'>ItFiC</subfield><subfield code='d'>DLC</subfield></datafield><datafield ind1='0' ind2=' ' tag='041'><subfield code='a'>eng</subfield><subfield code='a'>ita</subfield></datafield><datafield ind1=' ' ind2=' ' tag='042'><subfield code='a'>lccopycat</subfield></datafield><datafield ind1=' ' ind2=' ' tag='079'><subfield code='a'>ocm76784868</subfield></datafield><datafield ind1=' ' ind2=' ' tag='090'><subfield code='a'>N6537.B233</subfield><subfield code='b'>A4 2006</subfield></datafield><datafield ind1='1' ind2=' ' tag='100'><subfield code='a'>Basquiat, Jean Michel.</subfield></datafield><datafield ind1='1' ind2='4' tag='245'><subfield code='a'>The Jean-Michel Basquiat show /</subfield><subfield code='c'>edited by Gianni Mercurio.</subfield></datafield><datafield ind1=' ' ind2=' ' tag='260'><subfield code='a'>Milano :</subfield><subfield code='b'>Skira,</subfield><subfield code='c'>2006.</subfield></datafield><datafield ind1=' ' ind2=' ' tag='300'><subfield code='a'>318 p. :</subfield><subfield code='b'>ill. (chiefly col.) ;</subfield><subfield code='c'>31 cm.</subfield></datafield><datafield ind1=' ' ind2=' ' tag='500'><subfield code='a'>Catalog of an exhibition held at the Fondazione La Triennale di Milano, Milan, Italy, Sept. 19, 2006-Jan. 28, 2007.</subfield></datafield><datafield ind1=' ' ind2=' ' tag='546'><subfield code='a'>Text in English and Italian.</subfield></datafield><datafield ind1=' ' ind2=' ' tag='504'><subfield code='a'>Includes bibliographical references (p. 317-318).</subfield></datafield><datafield ind1='1' ind2='0' tag='600'><subfield code='a'>Basquiat, Jean Michel</subfield><subfield code='v'>Exhibitions.</subfield></datafield><datafield ind1='1' ind2=' ' tag='700'><subfield code='a'>Mercurio, Gianni.</subfield></datafield><datafield ind1='2' ind2=' ' tag='710'><subfield code='a'>Fondazione La Triennale di Milano.</subfield></datafield><datafield ind1='4' ind2='1' tag='856'><subfield code='z'>Access Table of contents.</subfield><subfield code='u'>http://www.loc.gov/catdir/toc/casalini05/06524370.pdf</subfield></datafield><datafield ind1=' ' ind2=' ' tag='901'><subfield code='a'>BNA</subfield></datafield><datafield ind1=' ' ind2=' ' tag='901'><subfield code='a'>X9804296</subfield></datafield><datafield ind1=' ' ind2=' ' tag='902'><subfield code='a'>071121  7001</subfield></datafield><datafield ind1=' ' ind2=' ' tag='907'><subfield code='a'>.b33072395</subfield><subfield code='b'>multi</subfield><subfield code='c'>-</subfield></datafield><datafield ind1=' ' ind2=' ' tag='945'><subfield code='l'>pstk </subfield><subfield code='g'>1</subfield></datafield><datafield ind1=' ' ind2=' ' tag='979'><subfield code='a'>ocm76784868</subfield></datafield><datafield ind1=' ' ind2=' ' tag='998'><subfield code='b'>0</subfield><subfield code='c'>071219</subfield><subfield code='d'>m</subfield><subfield code='e'>a</subfield><subfield code='f'>-</subfield><subfield code='g'>4</subfield></datafield><datafield ind1=' ' ind2=' ' tag='998'><subfield code='b'>0</subfield><subfield code='c'>071219</subfield><subfield code='d'>m</subfield><subfield code='e'>a</subfield><subfield code='f'>-</subfield><subfield code='g'>4</subfield></datafield><datafield ind1=' ' ind2=' ' tag='ADM'><subfield code='b'>2018-03-15 23:40:05</subfield><subfield code='e'>b33072395-01tuli_inst</subfield><subfield code='d'>ILS</subfield><subfield code='a'>2017-06-20 12:31:40</subfield><subfield code='c'>false</subfield></datafield><datafield ind1='0' ind2=' ' tag='HLD'><subfield code='b'>MAIN</subfield><subfield code='c'>stacks</subfield><subfield code='h'>N6537.B233</subfield><subfield code='i'>A4 2006</subfield><subfield code='8'>22318787400003811</subfield></datafield><datafield ind1=' ' ind2=' ' tag='ITM'><subfield code='r'>22318787400003811</subfield><subfield code='b'>1</subfield><subfield code='h'>0</subfield><subfield code='g'>stacks</subfield><subfield code='t'>BOOK</subfield><subfield code='9'>39074027858596</subfield><subfield code='e'>stacks</subfield><subfield code='8'>23318787390003811</subfield><subfield code='a'>0</subfield><subfield code='q'>2017-06-20 12:31:40</subfield><subfield code='i'>N6537.B233 A4 2006</subfield><subfield code='d'>MAIN</subfield><subfield code='f'>MAIN</subfield></datafield></record>