
<record xmlns='http://www.loc.gov/MARC21/slim'><leader>01784cam a2200481Ii 4500</leader><controlfield tag='005'>20170825171800.0</controlfield><controlfield tag='008'>140320s2014    nyua     bc   000 0 eng d</controlfield><controlfield tag='001'>991003632419703811</controlfield><datafield ind1=' ' ind2=' ' tag='010'><subfield code='a'>2014933664</subfield></datafield><datafield ind1=' ' ind2=' ' tag='020'><subfield code='a'>9780847844470</subfield></datafield><datafield ind1=' ' ind2=' ' tag='020'><subfield code='a'>0847844471</subfield></datafield><datafield ind1=' ' ind2=' ' tag='035'><subfield code='a'>(PPT)b56317293-01tuli_inst</subfield></datafield><datafield ind1=' ' ind2=' ' tag='035'><subfield code='a'>(OCoLC)ocn881663874</subfield><subfield code='9'>ExL</subfield></datafield><datafield ind1=' ' ind2=' ' tag='035'><subfield code='a'>(OCoLC)874727707</subfield></datafield><datafield ind1=' ' ind2=' ' tag='035'><subfield code='a'>ocn874727707</subfield></datafield><datafield ind1=' ' ind2=' ' tag='035'><subfield code='a'>(OCLC)ocn874727707</subfield></datafield><datafield ind1=' ' ind2=' ' tag='040'><subfield code='a'>BTCTA</subfield><subfield code='b'>eng</subfield><subfield code='c'>BTCTA</subfield><subfield code='d'>BDX</subfield><subfield code='d'>NGA</subfield><subfield code='d'>UKTTE</subfield><subfield code='d'>CAM</subfield><subfield code='d'>OCLCO</subfield></datafield><datafield ind1=' ' ind2=' ' tag='079'><subfield code='a'>ocn874727707</subfield></datafield><datafield ind1=' ' ind2=' ' tag='090'><subfield code='a'>N6537.B233</subfield><subfield code='b'>H64 2014</subfield></datafield><datafield ind1='1' ind2=' ' tag='100'><subfield code='a'>Hoffman, Fred,</subfield><subfield code='d'>1944-</subfield><subfield code='e'>author.</subfield></datafield><datafield ind1='1' ind2='0' tag='245'><subfield code='a'>Jean-Michel Basquiat drawing :</subfield><subfield code='b'>work from the Schorr family collection /</subfield><subfield code='c'>Fred Hoffman.</subfield></datafield><datafield ind1=' ' ind2='1' tag='264'><subfield code='a'>New York, NY : Acquavella,</subfield><subfield code='c'>[2014]</subfield></datafield><datafield ind1=' ' ind2='2' tag='264'><subfield code='a'>New York, NY :</subfield><subfield code='b'>Distributed by Rizzoli International Publications, Inc.</subfield></datafield><datafield ind1=' ' ind2=' ' tag='300'><subfield code='a'>196 p. :</subfield><subfield code='b'>col. ill. ;</subfield><subfield code='c'>32 cm</subfield></datafield><datafield ind1=' ' ind2=' ' tag='336'><subfield code='a'>text</subfield><subfield code='b'>txt</subfield><subfield code='2'>rdacontent</subfield></datafield><datafield ind1=' ' ind2=' ' tag='336'><subfield code='a'>still image</subfield><subfield code='b'>sti</subfield><subfield code='2'>rdacontent</subfield></datafield><datafield ind1=' ' ind2=' ' tag='337'><subfield code='a'>unmediated</subfield><subfield code='b'>n</subfield><subfield code='2'>rdamedia</subfield></datafield><datafield ind1=' ' ind2=' ' tag='338'><subfield code='a'>volume</subfield><subfield code='b'>nc</subfield><subfield code='2'>rdacarrier</subfield></datafield><datafield ind1=' ' ind2=' ' tag='500'><subfield code='a'>Catalog of an exhibition held at Acquavella Galleries, New York, New York, May 1-June 13, 2014.</subfield></datafield><datafield ind1=' ' ind2=' ' tag='504'><subfield code='a'>Includes bibliographical references.</subfield></datafield><datafield ind1='1' ind2='0' tag='600'><subfield code='a'>Basquiat, Jean-Michel,</subfield><subfield code='d'>1960-1988</subfield><subfield code='v'>Exhibitions.</subfield></datafield><datafield ind1='1' ind2='0' tag='600'><subfield code='a'>Schorr, Herbert</subfield><subfield code='x'>Art collections</subfield><subfield code='v'>Exhibitions.</subfield></datafield><datafield ind1='1' ind2='0' tag='600'><subfield code='a'>Schorr, Lenore</subfield><subfield code='x'>Art collections</subfield><subfield code='v'>Exhibitions.</subfield></datafield><datafield ind1='3' ind2='0' tag='600'><subfield code='a'>Schor family</subfield><subfield code='x'>Art collections</subfield><subfield code='v'>Exhibitions.</subfield></datafield><datafield ind1=' ' ind2='0' tag='650'><subfield code='a'>Art</subfield><subfield code='x'>Private collections</subfield><subfield code='v'>Exhibitions.</subfield></datafield><datafield ind1='1' ind2=' ' tag='700'><subfield code='a'>Basquiat, Jean-Michel,</subfield><subfield code='d'>1960-1988,</subfield><subfield code='e'>artist.</subfield></datafield><datafield ind1='2' ind2=' ' tag='710'><subfield code='a'>Acquavella Galleries.</subfield></datafield><datafield ind1=' ' ind2=' ' tag='902'><subfield code='a'>161220</subfield></datafield><datafield ind1=' ' ind2=' ' tag='907'><subfield code='a'>.b56317293</subfield><subfield code='b'>p    </subfield><subfield code='c'>-</subfield></datafield><datafield ind1=' ' ind2=' ' tag='945'><subfield code='l'>pstk </subfield><subfield code='g'>1</subfield></datafield><datafield ind1=' ' ind2=' ' tag='979'><subfield code='a'>ocn874727707</subfield></datafield><datafield ind1=' ' ind2=' ' tag='998'><subfield code='b'>0</subfield><subfield code='c'>140613</subfield><subfield code='d'>m</subfield><subfield code='e'>a</subfield><subfield code='f'>-</subfield><subfield code='g'>0</subfield></datafield><datafield ind1=' ' ind2=' ' tag='998'><subfield code='a'>06/13/14</subfield><subfield code='s'>OCLC</subfield><subfield code='c'>AT</subfield></datafield><datafield ind1=' ' ind2=' ' tag='ADM'><subfield code='b'>2017-08-25 21:18:00</subfield><subfield code='e'>b56317293-01tuli_inst</subfield><subfield code='d'>ILS</subfield><subfield code='a'>2017-06-20 10:16:31</subfield><subfield code='c'>false</subfield></datafield><datafield ind1='0' ind2=' ' tag='HLD'><subfield code='b'>MAIN</subfield><subfield code='c'>stacks</subfield><subfield code='h'>N6537.B233</subfield><subfield code='i'>H64 2014</subfield><subfield code='8'>22301421640003811</subfield></datafield><datafield ind1=' ' ind2=' ' tag='ITM'><subfield code='r'>22301421640003811</subfield><subfield code='b'>1</subfield><subfield code='h'>0</subfield><subfield code='g'>stacks</subfield><subfield code='t'>BOOK</subfield><subfield code='9'>39074029701869</subfield><subfield code='e'>stacks</subfield><subfield code='8'>23301421630003811</subfield><subfield code='a'>0</subfield><subfield code='q'>2017-06-20 10:16:31</subfield><subfield code='i'>N6537.B233 H64 2014</subfield><subfield code='d'>MAIN</subfield><subfield code='f'>MAIN</subfield></datafield></record>