
<record xmlns='http://www.loc.gov/MARC21/slim'><leader>00854cam  2200229zi 4500</leader><controlfield tag='008'>170522s2017    gw a   f b    001|0|eng|d</controlfield><controlfield tag='001'>991036900411903811</controlfield><datafield ind1=' ' ind2=' ' tag='020'><subfield code='a'>9783791356365 (Cloth)</subfield></datafield><datafield ind1=' ' ind2=' ' tag='020'><subfield code='a'>3791356364 (Cloth)</subfield></datafield><datafield ind1=' ' ind2=' ' tag='035'><subfield code='a'>(CaONFJC)65127332</subfield></datafield><datafield ind1=' ' ind2=' ' tag='040'><subfield code='d'>NNfCLS</subfield></datafield><datafield ind1=' ' ind2='4' tag='050'><subfield code='a'>N6537.B233</subfield></datafield><datafield ind1='0' ind2='4' tag='082'><subfield code='a'>709.2</subfield><subfield code='2'>23</subfield></datafield><datafield ind1='0' ind2='0' tag='245'><subfield code='a'>Basquiat - boom for real /</subfield><subfield code='c'>edited by Dieter Buchhart and Eleanor Nairne with Lotte Johnson.</subfield></datafield><datafield ind1=' ' ind2='1' tag='264'><subfield code='a'>Munich :</subfield><subfield code='b'>Prestel,</subfield><subfield code='c'>2017.</subfield></datafield><datafield ind1=' ' ind2=' ' tag='300'><subfield code='a'>295 pages :</subfield><subfield code='b'>illustrations (black and white, and colour) ;</subfield><subfield code='c'>29 cm</subfield></datafield><datafield ind1='1' ind2=' ' tag='700'><subfield code='a'>Buchhart, Dieter,</subfield><subfield code='d'>1971-</subfield><subfield code='e'>editor.</subfield></datafield><datafield ind1='1' ind2=' ' tag='700'><subfield code='a'>Nairne, Eleanor,</subfield><subfield code='e'>editor.</subfield></datafield><datafield ind1='1' ind2=' ' tag='700'><subfield code='a'>Johnson, Lotte,</subfield><subfield code='e'>editor.</subfield></datafield><datafield ind1='2' ind2=' ' tag='710'><subfield code='a'>Barbican Art Gallery,</subfield><subfield code='e'>host institution.</subfield></datafield><datafield ind1='2' ind2=' ' tag='710'><subfield code='a'>Schirn Kunsthalle Frankfurt,</subfield><subfield code='e'>host institution.</subfield></datafield><datafield ind1=' ' ind2=' ' tag='960'><subfield code='k'>MAIN</subfield><subfield code='g'>MONOGRAPH</subfield><subfield code='l'>stacks</subfield><subfield code='o'>1</subfield><subfield code='q'>042618</subfield><subfield code='s'>48.30</subfield><subfield code='u'>1parf</subfield><subfield code='v'>coutt</subfield></datafield><datafield ind1=' ' ind2=' ' tag='961'><subfield code='f'>acqrat</subfield><subfield code='i'>37863541</subfield></datafield><datafield ind1='0' ind2=' ' tag='HLD'><subfield code='b'>MAIN</subfield><subfield code='c'>stacks</subfield><subfield code='h'>N6537.B233</subfield><subfield code='8'>22425122660003811</subfield></datafield><datafield ind1=' ' ind2=' ' tag='ITM'><subfield code='b'>0</subfield><subfield code='h'>0</subfield><subfield code='g'>stacks</subfield><subfield code='e'>stacks</subfield><subfield code='8'>23425122650003811</subfield><subfield code='j'>0</subfield><subfield code='q'>2018-04-26 18:20:47</subfield><subfield code='i'>N6537.B233</subfield><subfield code='d'>MAIN</subfield><subfield code='r'>2018-04-27 02:08:39</subfield><subfield code='f'>MAIN</subfield></datafield></record>