
<record xmlns='http://www.loc.gov/MARC21/slim'><leader>02306ngm a22003974a 4500</leader><controlfield tag='006'>m     o  c        </controlfield><controlfield tag='007'>cr una---unuuu</controlfield><controlfield tag='007'>vz uzazuu</controlfield><controlfield tag='008'>160825p20162009cau093        o   vleng d</controlfield><controlfield tag='001'>991036899871003811</controlfield><datafield ind1='5' ind2='2' tag='028'><subfield code='a'>1201788</subfield><subfield code='b'>Kanopy</subfield></datafield><datafield ind1=' ' ind2=' ' tag='035'><subfield code='a'>(OCoLC)957215800</subfield></datafield><datafield ind1=' ' ind2=' ' tag='035'><subfield code='a'>(CaSfKAN)kan1201788</subfield></datafield><datafield ind1=' ' ind2=' ' tag='040'><subfield code='a'>VDU</subfield><subfield code='b'>eng</subfield><subfield code='c'>VDU</subfield></datafield><datafield ind1='0' ind2='0' tag='245'><subfield code='a'>Jean-Michel Basquiat: The Radiant Child</subfield></datafield><datafield ind1=' ' ind2='1' tag='264'><subfield code='b'>Arthouse Films,</subfield><subfield code='c'>2009.</subfield></datafield><datafield ind1=' ' ind2='1' tag='264'><subfield code='a'>[San Francisco, California, USA] :</subfield><subfield code='b'>Kanopy Streaming,</subfield><subfield code='c'>2016.</subfield></datafield><datafield ind1=' ' ind2=' ' tag='300'><subfield code='a'>1 online resource (streaming video file) (94 minutes):</subfield><subfield code='b'>digital, .flv file, sound</subfield></datafield><datafield ind1=' ' ind2=' ' tag='306'><subfield code='a'>013313</subfield></datafield><datafield ind1=' ' ind2=' ' tag='336'><subfield code='a'>two-dimensional moving image</subfield><subfield code='b'>tdi</subfield><subfield code='2'>rdacontent</subfield></datafield><datafield ind1=' ' ind2=' ' tag='337'><subfield code='a'>computer</subfield><subfield code='b'>c</subfield><subfield code='2'>rdamedia</subfield></datafield><datafield ind1=' ' ind2=' ' tag='338'><subfield code='a'>online resource</subfield><subfield code='b'>cr</subfield><subfield code='2'>carrier</subfield></datafield><datafield ind1=' ' ind2=' ' tag='500'><subfield code='a'>In Process Record.</subfield></datafield><datafield ind1=' ' ind2=' ' tag='500'><subfield code='a'>Title from title frames.</subfield></datafield><datafield ind1=' ' ind2=' ' tag='500'><subfield code='a'>Film</subfield></datafield><datafield ind1=' ' ind2=' ' tag='518'><subfield code='a'>Originally produced by Arthouse Films in 2009.</subfield></datafield><datafield ind1=' ' ind2=' ' tag='520'><subfield code='a'>In his short career, Jean-Michel Basquiat was a phenomenon. He became notorious for his graffiti art under the moniker Samo in the late 1970s on the Lower East Side scene, sold his first painting to Deborah Harry for </subfield><subfield code='2'>00 and became best friends with Andy Warhol. Appreciated by both the art cognoscenti and the public, Basquiat was launched into international stardom. However, soon his cult status began to override the art that had made him famous in the first place. Director Tamra Davis pays homage to her friend in this definitive documentary, but also delves into Basquiat as an iconoclast. His dense, bebop-influenced neoexpressionist work emerged while minimalist, conceptual art was the fad; as a successful black artist, he was constantly confronted by racism and misconceptions. Much can be gleaned from insider interviews and archival footage, but it is Basquiat’s own words and work that powerfully convey the mystique and allure of both the artist and the man.. </subfield></datafield><datafield ind1=' ' ind2=' ' tag='538'><subfield code='a'>Mode of access: World Wide Web.</subfield></datafield><datafield ind1=' ' ind2=' ' tag='546'><subfield code='a'>In English</subfield></datafield><datafield ind1=' ' ind2=' ' tag='590'><subfield code='a'>Access is available to the Temple Community through use of a networked computer with a Temple IP address.</subfield></datafield><datafield ind1=' ' ind2='0' tag='650'><subfield code='a'>Art</subfield></datafield><datafield ind1=' ' ind2='0' tag='650'><subfield code='a'>Documentary-style films</subfield></datafield><datafield ind1=' ' ind2='7' tag='655'><subfield code='a'> Documentary films</subfield><subfield code='2'>lcgft</subfield></datafield><datafield ind1=' ' ind2='0' tag='655'><subfield code='a'>Streaming video.</subfield></datafield><datafield ind1='2' ind2=' ' tag='710'><subfield code='a'>Arthouse Films (Firm),</subfield><subfield code='4'>dst</subfield></datafield><datafield ind1='2' ind2=' ' tag='710'><subfield code='a'>Kanopy (Firm),</subfield><subfield code='4'>dst</subfield></datafield><datafield ind1='4' ind2='0' tag='856'><subfield code='u'>http://temple.kanopy.com/node/201789</subfield><subfield code='z'>A Kanopy streaming video</subfield></datafield><datafield ind1='4' ind2='2' tag='856'><subfield code='z'>Cover Image</subfield><subfield code='u'>https://www.kanopy.com/node/201789/external-image</subfield></datafield><datafield ind1=' ' ind2=' ' tag='902'><subfield code='a'>Kanopy Streaming Video (Refresh) 20180424</subfield></datafield><datafield ind1=' ' ind2=' ' tag='979'><subfield code='a'>kan1201788</subfield></datafield><datafield ind1=' ' ind2=' ' tag='PRT'><subfield code='a'>53423493900003811</subfield><subfield code='b'>https://sandbox01-na.alma.exlibrisgroup.com/view/uresolver/01TULI_INST/openurl?u.ignore_date_coverage=true&amp;rft.mms_id=991036899871003811</subfield><subfield code='c'>Kanopy Streaming Video - Immediate Access</subfield><subfield code='8'>53423493900003811</subfield></datafield></record>