
<record xmlns='http://www.loc.gov/MARC21/slim'><leader>02275ngm a22004094i 4500</leader><controlfield tag='006'>m     o  c        </controlfield><controlfield tag='007'>cr una---unuuu</controlfield><controlfield tag='007'>vz uzazuu</controlfield><controlfield tag='008'>170424p20171981cau071        o   vleng d</controlfield><controlfield tag='001'>991036900201303811</controlfield><datafield ind1='5' ind2='2' tag='028'><subfield code='a'>1243215</subfield><subfield code='b'>Kanopy</subfield></datafield><datafield ind1=' ' ind2=' ' tag='035'><subfield code='a'>(OCoLC)985037204</subfield></datafield><datafield ind1=' ' ind2=' ' tag='035'><subfield code='a'>(CaSfKAN)kan1243215</subfield></datafield><datafield ind1=' ' ind2=' ' tag='040'><subfield code='a'>VDU</subfield><subfield code='b'>eng</subfield><subfield code='e'>rda</subfield><subfield code='c'>VDU</subfield></datafield><datafield ind1='0' ind2='0' tag='245'><subfield code='a'>Downtown 81 - Artist Jean-Michel Basquiat</subfield></datafield><datafield ind1=' ' ind2='1' tag='264'><subfield code='b'>Music Box Films,</subfield><subfield code='c'>1981.</subfield></datafield><datafield ind1=' ' ind2='1' tag='264'><subfield code='a'>[San Francisco, California, USA] :</subfield><subfield code='b'>Kanopy Streaming,</subfield><subfield code='c'>2017.</subfield></datafield><datafield ind1=' ' ind2=' ' tag='300'><subfield code='a'>1 online resource (streaming video file) (72 minutes):</subfield><subfield code='b'>digital, .flv file, sound</subfield></datafield><datafield ind1=' ' ind2=' ' tag='306'><subfield code='a'>011127</subfield></datafield><datafield ind1=' ' ind2=' ' tag='336'><subfield code='a'>two-dimensional moving image</subfield><subfield code='b'>tdi</subfield><subfield code='2'>rdacontent</subfield></datafield><datafield ind1=' ' ind2=' ' tag='337'><subfield code='a'>video</subfield><subfield code='b'>v</subfield><subfield code='2'>rdamedia</subfield></datafield><datafield ind1=' ' ind2=' ' tag='337'><subfield code='a'>computer</subfield><subfield code='b'>c</subfield><subfield code='2'>rdamedia</subfield></datafield><datafield ind1=' ' ind2=' ' tag='338'><subfield code='a'>online resource</subfield><subfield code='b'>cr</subfield><subfield code='2'>rdacarrier</subfield></datafield><datafield ind1=' ' ind2=' ' tag='500'><subfield code='a'>Title from title frames.</subfield></datafield><datafield ind1=' ' ind2=' ' tag='500'><subfield code='a'>In Process Record.</subfield></datafield><datafield ind1=' ' ind2=' ' tag='500'><subfield code='a'>Film</subfield></datafield><datafield ind1=' ' ind2=' ' tag='518'><subfield code='a'>Originally produced by Music Box Films in 1981.</subfield></datafield><datafield ind1=' ' ind2=' ' tag='520'><subfield code='a'>Legendary painter, graffiti artist, poet and musician Jean-Michel Basquiat (1960-1988) was only 19 years old when he played the lead in DOWNTOWN 81, a striking &quot;lost&quot; film that chronicles the explosive early-&apos;80s Manhattan art and music scene. Completed and theatrically released two decades later, it&apos;s the story of a charismatic artist who attempts to sell a painting amidst the rappers, junkies, strippers, models and art-world matriarchs of a pre-Giuliani Lower East Side. This vividly entertaining slice of life is also a fabulous showcase for the music of Kid Creole and the Coconuts, Tuxedomoon, The Plastics, DNA, The Lounge Lizards, and Basquiat&apos;s own band, Gray. Shot on location, ..DOWNTOWN 81 not only captures one of the most important and provocative artists of the 20th-century as he is poised for worldwide fame, but is also a vivid snapshot of a New York City that no longer exists.</subfield></datafield><datafield ind1=' ' ind2=' ' tag='538'><subfield code='a'>Mode of access: World Wide Web.</subfield></datafield><datafield ind1=' ' ind2=' ' tag='546'><subfield code='a'>In English </subfield></datafield><datafield ind1=' ' ind2=' ' tag='590'><subfield code='a'>Access is available to the Temple Community through use of a networked computer with a Temple IP address.</subfield></datafield><datafield ind1=' ' ind2='0' tag='650'><subfield code='a'>Art</subfield></datafield><datafield ind1=' ' ind2='0' tag='650'><subfield code='a'>Documentary-style films</subfield></datafield><datafield ind1=' ' ind2='7' tag='655'><subfield code='a'>Documentary films.</subfield><subfield code='2'>lcgft</subfield></datafield><datafield ind1=' ' ind2='0' tag='655'><subfield code='a'>Streaming video.</subfield></datafield><datafield ind1='2' ind2=' ' tag='710'><subfield code='a'>Music Box Films (Firm),</subfield><subfield code='4'>dst</subfield></datafield><datafield ind1='2' ind2=' ' tag='710'><subfield code='a'>Kanopy (Firm),</subfield><subfield code='4'>dst</subfield></datafield><datafield ind1='4' ind2='0' tag='856'><subfield code='u'>http://temple.kanopy.com/node/243216</subfield><subfield code='z'>A Kanopy streaming video</subfield></datafield><datafield ind1='4' ind2='2' tag='856'><subfield code='z'>Cover Image</subfield><subfield code='u'>https://www.kanopy.com/node/243216/external-image</subfield></datafield><datafield ind1=' ' ind2=' ' tag='902'><subfield code='a'>Kanopy Streaming Video (Refresh) 20180424</subfield></datafield><datafield ind1=' ' ind2=' ' tag='979'><subfield code='a'>kan1243215</subfield></datafield><datafield ind1=' ' ind2=' ' tag='PRT'><subfield code='a'>53423592470003811</subfield><subfield code='b'>https://sandbox01-na.alma.exlibrisgroup.com/view/uresolver/01TULI_INST/openurl?u.ignore_date_coverage=true&amp;rft.mms_id=991036900201303811</subfield><subfield code='c'>Kanopy Streaming Video - Immediate Access</subfield><subfield code='8'>53423592470003811</subfield></datafield></record>