
<record xmlns='http://www.loc.gov/MARC21/slim'><leader>01152nam a2200337 a 4500</leader><controlfield tag='005'>20180315175605.0</controlfield><controlfield tag='008'>050916s2005    sp a     c    000 0 spa d</controlfield><controlfield tag='001'>991011337479703811</controlfield><datafield ind1=' ' ind2=' ' tag='020'><subfield code='a'>8448240421 (hd.bd.)</subfield></datafield><datafield ind1=' ' ind2=' ' tag='035'><subfield code='a'>(PPT)b29751299-01tuli_inst</subfield></datafield><datafield ind1=' ' ind2=' ' tag='035'><subfield code='a'>ocn490874320</subfield><subfield code='9'>ExL</subfield></datafield><datafield ind1=' ' ind2=' ' tag='035'><subfield code='a'>PPTb29751299 </subfield></datafield><datafield ind1=' ' ind2=' ' tag='035'><subfield code='a'>ocn255045946</subfield></datafield><datafield ind1=' ' ind2=' ' tag='035'><subfield code='a'>(OCLC)ocn255045946</subfield></datafield><datafield ind1=' ' ind2=' ' tag='040'><subfield code='a'>OHX</subfield><subfield code='c'>OHX</subfield><subfield code='d'>OSU</subfield><subfield code='d'>PPT</subfield></datafield><datafield ind1='1' ind2=' ' tag='041'><subfield code='a'>eng</subfield><subfield code='a'>spa</subfield><subfield code='a'>cat</subfield></datafield><datafield ind1=' ' ind2=' ' tag='079'><subfield code='a'>ocn255045946</subfield></datafield><datafield ind1=' ' ind2=' ' tag='090'><subfield code='a'>N7432.5.P7</subfield><subfield code='b'>F84 2005</subfield></datafield><datafield ind1='0' ind2='3' tag='245'><subfield code='a'>El fuego bajo las cenizas (de Picasso a Basquiat) =</subfield><subfield code='b'>Fire under the ashes (from Picasso to Basquiat).</subfield></datafield><datafield ind1=' ' ind2=' ' tag='260'><subfield code='a'>Valencia :</subfield><subfield code='b'>IVAM,</subfield><subfield code='c'>c2005.</subfield></datafield><datafield ind1=' ' ind2=' ' tag='300'><subfield code='a'>324 p. :</subfield><subfield code='b'>ill. (mainly col.) ;</subfield><subfield code='c'>31 cm.</subfield></datafield><datafield ind1=' ' ind2=' ' tag='500'><subfield code='a'>Catalog of the exhibition held at the Institut Valencià d&apos;Art Modern, May 5-Aug. 28, 2005.</subfield></datafield><datafield ind1=' ' ind2=' ' tag='546'><subfield code='a'>Text in English, Spanish and Valencian.</subfield></datafield><datafield ind1=' ' ind2='0' tag='650'><subfield code='a'>Art, Modern</subfield><subfield code='y'>20th century</subfield><subfield code='v'>Exhibitions.</subfield></datafield><datafield ind1='2' ind2=' ' tag='710'><subfield code='a'>Institut Valencià d&apos;Art Modern.</subfield></datafield><datafield ind1=' ' ind2=' ' tag='907'><subfield code='a'>.b29751299</subfield><subfield code='b'>multi</subfield><subfield code='c'>-</subfield></datafield><datafield ind1=' ' ind2=' ' tag='945'><subfield code='l'>kstk </subfield><subfield code='g'>1</subfield></datafield><datafield ind1=' ' ind2=' ' tag='945'><subfield code='l'>pstk </subfield><subfield code='g'>1</subfield></datafield><datafield ind1=' ' ind2=' ' tag='979'><subfield code='a'>ocn255045946</subfield></datafield><datafield ind1=' ' ind2=' ' tag='998'><subfield code='b'>2</subfield><subfield code='c'>060119</subfield><subfield code='d'>m</subfield><subfield code='e'>a</subfield><subfield code='f'>-</subfield><subfield code='g'>3</subfield></datafield><datafield ind1=' ' ind2=' ' tag='998'><subfield code='a'>01/19/06</subfield><subfield code='s'>RLIN</subfield><subfield code='c'>MRTL</subfield></datafield><datafield ind1=' ' ind2=' ' tag='ADM'><subfield code='b'>2018-03-15 21:56:05</subfield><subfield code='e'>b29751299-01tuli_inst</subfield><subfield code='d'>ILS</subfield><subfield code='a'>2017-06-20 08:30:29</subfield><subfield code='c'>false</subfield></datafield><datafield ind1='0' ind2=' ' tag='HLD'><subfield code='b'>KARDON</subfield><subfield code='c'>p_remote</subfield><subfield code='h'>N7432.5.P7</subfield><subfield code='i'>F84 2005</subfield><subfield code='8'>22282932120003811</subfield></datafield><datafield ind1='0' ind2=' ' tag='HLD'><subfield code='b'>MAIN</subfield><subfield code='c'>stacks</subfield><subfield code='h'>N7432.5.P7</subfield><subfield code='i'>F84 2005</subfield><subfield code='8'>22282932140003811</subfield></datafield><datafield ind1=' ' ind2=' ' tag='ITM'><subfield code='r'>22282932120003811</subfield><subfield code='b'>1</subfield><subfield code='h'>0</subfield><subfield code='g'>p_remote</subfield><subfield code='t'>BOOK</subfield><subfield code='9'>39074017732579</subfield><subfield code='e'>p_remote</subfield><subfield code='8'>23282932110003811</subfield><subfield code='a'>0</subfield><subfield code='q'>2017-06-20 08:30:29</subfield><subfield code='i'>N7432.5.P7 F84 2005</subfield><subfield code='d'>KARDON</subfield><subfield code='f'>KARDON</subfield></datafield><datafield ind1=' ' ind2=' ' tag='ITM'><subfield code='r'>22282932140003811</subfield><subfield code='b'>1</subfield><subfield code='h'>0</subfield><subfield code='g'>stacks</subfield><subfield code='t'>BOOK</subfield><subfield code='9'>39074017732561</subfield><subfield code='e'>stacks</subfield><subfield code='8'>23282932130003811</subfield><subfield code='a'>0</subfield><subfield code='q'>2017-06-20 08:30:29</subfield><subfield code='i'>N7432.5.P7 F84 2005</subfield><subfield code='d'>MAIN</subfield><subfield code='f'>MAIN</subfield></datafield></record>