
<record xmlns='http://www.loc.gov/MARC21/slim'><leader>01859cam a2200445Ia 4500</leader><controlfield tag='005'>20170826031806.0</controlfield><controlfield tag='008'>070130s2006    meua     bc   000 0 eng d</controlfield><controlfield tag='001'>991023852409703811</controlfield><datafield ind1=' ' ind2=' ' tag='020'><subfield code='a'>0918749212</subfield></datafield><datafield ind1=' ' ind2=' ' tag='020'><subfield code='a'>9780918749215</subfield></datafield><datafield ind1=' ' ind2=' ' tag='035'><subfield code='a'>(PPT)b32608949-01tuli_inst</subfield></datafield><datafield ind1=' ' ind2=' ' tag='035'><subfield code='a'>(OCoLC)ocn491897530</subfield><subfield code='9'>ExL</subfield></datafield><datafield ind1=' ' ind2=' ' tag='035'><subfield code='a'>(OCoLC)80776597</subfield></datafield><datafield ind1=' ' ind2=' ' tag='035'><subfield code='a'>80776597</subfield></datafield><datafield ind1=' ' ind2=' ' tag='035'><subfield code='a'>ocm80776597</subfield></datafield><datafield ind1=' ' ind2=' ' tag='035'><subfield code='a'>(OCLC)ocm80776597</subfield></datafield><datafield ind1=' ' ind2=' ' tag='040'><subfield code='a'>GSE</subfield><subfield code='c'>GSE</subfield><subfield code='d'>YDXCP</subfield><subfield code='d'>TXA</subfield><subfield code='d'>VVC</subfield><subfield code='d'>IUL</subfield><subfield code='d'>BAKER</subfield><subfield code='d'>IAY</subfield><subfield code='d'>CUY</subfield></datafield><datafield ind1=' ' ind2=' ' tag='079'><subfield code='a'>ocm80776597</subfield></datafield><datafield ind1=' ' ind2=' ' tag='090'><subfield code='a'>N6537.W28</subfield><subfield code='b'>F33 2006</subfield></datafield><datafield ind1='0' ind2='0' tag='245'><subfield code='a'>Factory work :</subfield><subfield code='b'>Warhol, Wyeth, Basquiat  /</subfield><subfield code='c'>essays Robert Rosenblum, Joyce Hill Stoner, Margaret Rose Vendryes ; technical essay Christine Daulton.</subfield></datafield><datafield ind1='3' ind2='0' tag='246'><subfield code='a'>Factorywork</subfield></datafield><datafield ind1=' ' ind2=' ' tag='260'><subfield code='a'>Rockland, Maine :</subfield><subfield code='b'>Farnsworth Art Museum and Wyeth Center,</subfield><subfield code='c'>2006.</subfield></datafield><datafield ind1=' ' ind2=' ' tag='300'><subfield code='a'>104 p. :</subfield><subfield code='b'>col. ill. ;</subfield><subfield code='c'>29 cm.</subfield></datafield><datafield ind1=' ' ind2=' ' tag='504'><subfield code='a'>Includes bibliographical references.</subfield></datafield><datafield ind1='0' ind2=' ' tag='505'><subfield code='a'>Warhol&apos;s identity thefts / Robert Rosenblum -- Chemistry and art : Andy Warhol&apos;s oxidation paintings / Christine Daulton -- The &apos;patriarch of pop&apos; and the &apos;prince of realism&apos; : Andy Warhol and Jamie Wyeth in the 1970s / Joyce Hill Stoner -- Tagging Andy Warhol : Jean-Michel Basquiat at the Factory / Margaret Rose Vendryes.</subfield></datafield><datafield ind1=' ' ind2=' ' tag='500'><subfield code='a'>Exhibition organized by the Brandywine River Museum.</subfield></datafield><datafield ind1='1' ind2='0' tag='600'><subfield code='a'>Warhol, Andy,</subfield><subfield code='d'>1928-1987</subfield><subfield code='v'>Exhibitions.</subfield></datafield><datafield ind1='1' ind2='0' tag='600'><subfield code='a'>Wyeth, Jamie,</subfield><subfield code='d'>1946-</subfield><subfield code='v'>Exhibitions.</subfield></datafield><datafield ind1='1' ind2='0' tag='600'><subfield code='a'>Basquiat, Jean-Michel,</subfield><subfield code='d'>1960-1988</subfield><subfield code='v'>Exhibitions.</subfield></datafield><datafield ind1='1' ind2=' ' tag='700'><subfield code='a'>Rosenblum, Robert.</subfield></datafield><datafield ind1='1' ind2=' ' tag='700'><subfield code='a'>Daulton, Christine.</subfield></datafield><datafield ind1='1' ind2=' ' tag='700'><subfield code='a'>Vendryes, Margaret Rose,</subfield><subfield code='d'>1955-</subfield></datafield><datafield ind1='1' ind2=' ' tag='700'><subfield code='a'>Stoner, Joyce.</subfield></datafield><datafield ind1='2' ind2=' ' tag='710'><subfield code='a'>Brandywine River Museum.</subfield></datafield><datafield ind1=' ' ind2=' ' tag='902'><subfield code='a'>131211</subfield></datafield><datafield ind1=' ' ind2=' ' tag='907'><subfield code='a'>.b32608949</subfield><subfield code='b'>p    </subfield><subfield code='c'>-</subfield></datafield><datafield ind1=' ' ind2=' ' tag='945'><subfield code='l'>pstk </subfield><subfield code='g'>1</subfield></datafield><datafield ind1=' ' ind2=' ' tag='979'><subfield code='a'>ocm80776597</subfield></datafield><datafield ind1=' ' ind2=' ' tag='998'><subfield code='b'>0</subfield><subfield code='c'>080624</subfield><subfield code='d'>m</subfield><subfield code='e'>a</subfield><subfield code='f'>-</subfield><subfield code='g'>0</subfield></datafield><datafield ind1=' ' ind2=' ' tag='998'><subfield code='a'>06/24/08</subfield><subfield code='s'>OCLC</subfield><subfield code='c'>cep </subfield></datafield><datafield ind1=' ' ind2=' ' tag='ADM'><subfield code='b'>2017-08-26 07:18:06</subfield><subfield code='e'>b32608949-01tuli_inst</subfield><subfield code='d'>ILS</subfield><subfield code='a'>2017-06-20 13:21:07</subfield><subfield code='c'>false</subfield></datafield><datafield ind1='0' ind2=' ' tag='HLD'><subfield code='b'>MAIN</subfield><subfield code='c'>stacks</subfield><subfield code='h'>N6537.W28</subfield><subfield code='i'>F33 2006</subfield><subfield code='8'>22324372300003811</subfield></datafield><datafield ind1=' ' ind2=' ' tag='ITM'><subfield code='r'>22324372300003811</subfield><subfield code='b'>1</subfield><subfield code='h'>0</subfield><subfield code='g'>stacks</subfield><subfield code='t'>BOOK</subfield><subfield code='9'>39074023879737</subfield><subfield code='e'>stacks</subfield><subfield code='8'>23324372290003811</subfield><subfield code='a'>0</subfield><subfield code='q'>2017-06-20 13:21:07</subfield><subfield code='i'>N6537.W28 F33 2006</subfield><subfield code='d'>MAIN</subfield><subfield code='f'>MAIN</subfield></datafield></record>