
<record xmlns='http://www.loc.gov/MARC21/slim'><leader>01518cam a2200397Mi 4500</leader><controlfield tag='005'>20170825181925.0</controlfield><controlfield tag='008'>120309s2012    gw       c    000 0 eng d</controlfield><controlfield tag='001'>991030255929703811</controlfield><datafield ind1=' ' ind2=' ' tag='020'><subfield code='a'>9783866786554 (English edition : hd.bd.)</subfield></datafield><datafield ind1=' ' ind2=' ' tag='020'><subfield code='a'>3866786557 (English edition : hd.bd.)</subfield></datafield><datafield ind1=' ' ind2=' ' tag='035'><subfield code='a'>(PPT)b5256759x-01tuli_inst</subfield></datafield><datafield ind1=' ' ind2=' ' tag='035'><subfield code='a'>(OCoLC)ocn811010723</subfield><subfield code='9'>ExL</subfield></datafield><datafield ind1=' ' ind2=' ' tag='035'><subfield code='a'>(OCoLC)779874497</subfield></datafield><datafield ind1=' ' ind2=' ' tag='035'><subfield code='a'>ocn779874497</subfield></datafield><datafield ind1=' ' ind2=' ' tag='035'><subfield code='a'>(OCLC)ocn779874497</subfield></datafield><datafield ind1=' ' ind2=' ' tag='040'><subfield code='a'>OHX</subfield><subfield code='c'>OHX</subfield><subfield code='d'>N15</subfield><subfield code='d'>UKTTE</subfield><subfield code='d'>ZCU</subfield></datafield><datafield ind1=' ' ind2='7' tag='072'><subfield code='a'>N</subfield><subfield code='2'>lcco</subfield></datafield><datafield ind1=' ' ind2=' ' tag='079'><subfield code='a'>ocn779874497</subfield></datafield><datafield ind1=' ' ind2=' ' tag='090'><subfield code='a'>N6537.W28</subfield><subfield code='b'>A4 2012b</subfield></datafield><datafield ind1='0' ind2='0' tag='245'><subfield code='a'>Menage a trois :</subfield><subfield code='b'>Warhol, Basquiat, Clemente /</subfield><subfield code='c'>[concept and editor: Susanne Kleine ; translations from the German: Christopher Cordy, Brian Currid, James Manley].</subfield></datafield><datafield ind1=' ' ind2=' ' tag='260'><subfield code='a'>Bielefeld :</subfield><subfield code='b'>Kerber,</subfield><subfield code='c'>2012.</subfield></datafield><datafield ind1=' ' ind2=' ' tag='300'><subfield code='a'>255 p. :</subfield><subfield code='b'>numerous ill. (chiefly col.) ;</subfield><subfield code='c'>29 cm.</subfield></datafield><datafield ind1='1' ind2=' ' tag='490'><subfield code='a'>Kerber art</subfield></datafield><datafield ind1=' ' ind2=' ' tag='500'><subfield code='a'>Exhibition catalog.</subfield></datafield><datafield ind1=' ' ind2=' ' tag='500'><subfield code='a'>On the occasion of an exhibition held at the Art and Exhibition Hall of the Federal Republic of Germany, Bonn, February 10 - May 20, 2012.</subfield></datafield><datafield ind1='1' ind2='0' tag='600'><subfield code='a'>Warhol, Andy,</subfield><subfield code='d'>1928-1987</subfield><subfield code='v'>Exhibitions.</subfield></datafield><datafield ind1='1' ind2='0' tag='600'><subfield code='a'>Basquiat, Jean-Michel,</subfield><subfield code='d'>1960-1988</subfield><subfield code='v'>Exhibitions.</subfield></datafield><datafield ind1='1' ind2='0' tag='600'><subfield code='a'>Clemente, Francesco,</subfield><subfield code='d'>1952-</subfield><subfield code='v'>Exhibitions.</subfield></datafield><datafield ind1=' ' ind2='0' tag='650'><subfield code='a'>Art, Modern</subfield><subfield code='y'>20th century</subfield><subfield code='v'>Exhibitions.</subfield></datafield><datafield ind1=' ' ind2='0' tag='830'><subfield code='a'>Kerber art.</subfield></datafield><datafield ind1=' ' ind2=' ' tag='902'><subfield code='a'>140208</subfield></datafield><datafield ind1=' ' ind2=' ' tag='907'><subfield code='a'>.b5256759x</subfield><subfield code='b'>p    </subfield><subfield code='c'>-</subfield></datafield><datafield ind1=' ' ind2=' ' tag='945'><subfield code='l'>pstk </subfield><subfield code='g'>1</subfield></datafield><datafield ind1=' ' ind2=' ' tag='979'><subfield code='a'>ocn779874497</subfield></datafield><datafield ind1=' ' ind2=' ' tag='998'><subfield code='b'>0</subfield><subfield code='c'>120907</subfield><subfield code='d'>m</subfield><subfield code='e'>a</subfield><subfield code='f'>-</subfield><subfield code='g'>0</subfield></datafield><datafield ind1=' ' ind2=' ' tag='998'><subfield code='a'>09/07/12</subfield><subfield code='s'>OCLC</subfield><subfield code='c'>YL </subfield></datafield><datafield ind1=' ' ind2=' ' tag='ADM'><subfield code='b'>2017-08-25 22:19:25</subfield><subfield code='e'>b5256759x-01tuli_inst</subfield><subfield code='d'>ILS</subfield><subfield code='a'>2017-06-20 08:08:13</subfield><subfield code='c'>false</subfield></datafield><datafield ind1='0' ind2=' ' tag='HLD'><subfield code='b'>MAIN</subfield><subfield code='c'>stacks</subfield><subfield code='h'>N6537.W28</subfield><subfield code='i'>A4 2012b</subfield><subfield code='8'>22278015910003811</subfield></datafield><datafield ind1=' ' ind2=' ' tag='ITM'><subfield code='r'>22278015910003811</subfield><subfield code='b'>1</subfield><subfield code='h'>0</subfield><subfield code='g'>stacks</subfield><subfield code='t'>BOOK</subfield><subfield code='9'>39074027294636</subfield><subfield code='e'>stacks</subfield><subfield code='8'>23278015900003811</subfield><subfield code='a'>0</subfield><subfield code='q'>2017-06-20 08:08:13</subfield><subfield code='i'>N6537.W28 A4 2012b</subfield><subfield code='d'>MAIN</subfield><subfield code='f'>MAIN</subfield></datafield></record>