
<record xmlns='http://www.loc.gov/MARC21/slim'><leader>02679cam a2200577 i 4500</leader><controlfield tag='005'>20180315121111.0</controlfield><controlfield tag='008'>140709s2014    laua     bc   000 0deng  </controlfield><controlfield tag='001'>991006462629703811</controlfield><datafield ind1=' ' ind2=' ' tag='010'><subfield code='a'>2014026925</subfield></datafield><datafield ind1=' ' ind2=' ' tag='020'><subfield code='a'>9783791354040</subfield><subfield code='q'>(hardback)</subfield></datafield><datafield ind1=' ' ind2=' ' tag='020'><subfield code='a'>3791354043</subfield><subfield code='q'>(hardback)</subfield></datafield><datafield ind1=' ' ind2=' ' tag='035'><subfield code='a'>(PPT)b57014826-01tuli_inst</subfield></datafield><datafield ind1=' ' ind2=' ' tag='035'><subfield code='a'>(OCoLC)ocn900657835</subfield><subfield code='9'>ExL</subfield></datafield><datafield ind1=' ' ind2=' ' tag='035'><subfield code='a'>(OCoLC)880462392</subfield><subfield code='z'>(OCoLC)881020211</subfield></datafield><datafield ind1=' ' ind2=' ' tag='035'><subfield code='a'>ocn880462392</subfield></datafield><datafield ind1=' ' ind2=' ' tag='035'><subfield code='a'>(OCLC)ocn880462392</subfield></datafield><datafield ind1=' ' ind2=' ' tag='040'><subfield code='a'>DLC</subfield><subfield code='b'>eng</subfield><subfield code='e'>rda</subfield><subfield code='c'>DLC</subfield><subfield code='d'>YDXCP</subfield><subfield code='d'>BTCTA</subfield><subfield code='d'>BDX</subfield><subfield code='d'>OCLCO</subfield><subfield code='d'>OHX</subfield><subfield code='d'>CAM</subfield><subfield code='d'>OCLCQ</subfield><subfield code='d'>OCLCO</subfield></datafield><datafield ind1=' ' ind2=' ' tag='042'><subfield code='a'>pcc</subfield></datafield><datafield ind1=' ' ind2=' ' tag='043'><subfield code='a'>n-usu--</subfield></datafield><datafield ind1=' ' ind2='7' tag='072'><subfield code='a'>N</subfield><subfield code='2'>lcco</subfield></datafield><datafield ind1=' ' ind2=' ' tag='079'><subfield code='a'>ocn880462392</subfield></datafield><datafield ind1=' ' ind2=' ' tag='090'><subfield code='a'>N6537.B233</subfield><subfield code='b'>A4 2014</subfield></datafield><datafield ind1='0' ind2='0' tag='245'><subfield code='a'>Basquiat and the Bayou presented by the Helis Foundation, a project of Prospect New Orleans /</subfield><subfield code='c'>Franklin Sirmans ; with contributions by Robert G. O&apos;Meally and Robert Farris Thompson.</subfield></datafield><datafield ind1=' ' ind2=' ' tag='263'><subfield code='a'>1410</subfield></datafield><datafield ind1=' ' ind2='1' tag='264'><subfield code='a'>[New Orleans] :</subfield><subfield code='b'>Prospect New Orleans/U.S. Biennial, Inc. ;</subfield><subfield code='a'>Munich :</subfield><subfield code='b'>DelMonico Books/Prestel,</subfield><subfield code='c'>2014.</subfield></datafield><datafield ind1=' ' ind2=' ' tag='300'><subfield code='a'>111 pages :</subfield><subfield code='b'>illustrations (chiefly color) ;</subfield><subfield code='c'>30 cm</subfield></datafield><datafield ind1=' ' ind2=' ' tag='336'><subfield code='a'>text</subfield><subfield code='b'>txt</subfield><subfield code='2'>rdacontent</subfield></datafield><datafield ind1=' ' ind2=' ' tag='336'><subfield code='a'>still image</subfield><subfield code='b'>sti</subfield><subfield code='2'>rdacontent</subfield></datafield><datafield ind1=' ' ind2=' ' tag='337'><subfield code='a'>unmediated</subfield><subfield code='b'>n</subfield><subfield code='2'>rdamedia</subfield></datafield><datafield ind1=' ' ind2=' ' tag='338'><subfield code='a'>volume</subfield><subfield code='b'>nc</subfield><subfield code='2'>rdacarrier</subfield></datafield><datafield ind1=' ' ind2=' ' tag='500'><subfield code='a'>Accompanies the exhibition &quot;Basquiat and the Bayou Presented by The Helis Foundation,&quot; organized by Prospect New Orleans and presented at the Ogden Museum of Southern Art, New Orleans, October 25, 2014-January 25, 2015.</subfield></datafield><datafield ind1=' ' ind2=' ' tag='520'><subfield code='a'>&quot;This collection of paintings by the celebrated artist Jean-Michel Basquiat focuses on the deep psychological and spiritual terrain of the American South&quot;--</subfield><subfield code='c'>Provided by publisher.</subfield></datafield><datafield ind1=' ' ind2=' ' tag='504'><subfield code='a'>Includes bibliographical references.</subfield></datafield><datafield ind1='1' ind2='0' tag='600'><subfield code='a'>Basquiat, Jean-Michel,</subfield><subfield code='d'>1960-1988</subfield><subfield code='v'>Exhibitions.</subfield></datafield><datafield ind1=' ' ind2='0' tag='651'><subfield code='a'>Southern States</subfield><subfield code='v'>In art</subfield><subfield code='v'>Exhibitions.</subfield></datafield><datafield ind1='1' ind2=' ' tag='700'><subfield code='a'>Sirmans, Franklin,</subfield><subfield code='e'>author,</subfield><subfield code='e'>contributor.</subfield></datafield><datafield ind1='1' ind2=' ' tag='700'><subfield code='a'>Thompson, Robert Farris,</subfield><subfield code='e'>contributor.</subfield></datafield><datafield ind1='1' ind2=' ' tag='700'><subfield code='a'>O&apos;Meally, Robert G.,</subfield><subfield code='d'>1948-</subfield><subfield code='e'>contributor.</subfield></datafield><datafield ind1='1' ind2=' ' tag='700'><subfield code='a'>Basquiat, Jean-Michel,</subfield><subfield code='d'>1960-1988,</subfield><subfield code='e'>artist.</subfield></datafield><datafield ind1='1' ind2='2' tag='700'><subfield code='a'>Sirmans, Franklin.</subfield><subfield code='t'>Basquiat and the bayou.</subfield></datafield><datafield ind1='1' ind2='2' tag='700'><subfield code='a'>Thompson, Robert Farris.</subfield><subfield code='t'>Three works by Basquiat.</subfield></datafield><datafield ind1='1' ind2='2' tag='700'><subfield code='a'>O&apos;Meally, Robert G.,</subfield><subfield code='d'>1948-</subfield><subfield code='t'>King of the Zulu.</subfield></datafield><datafield ind1='2' ind2=' ' tag='710'><subfield code='a'>Ogden Museum.</subfield></datafield><datafield ind1='2' ind2=' ' tag='710'><subfield code='a'>Helis Foundation.</subfield></datafield><datafield ind1='2' ind2=' ' tag='711'><subfield code='a'>Prospect New Orleans (Exhibition)</subfield><subfield code='n'>(3rd :</subfield><subfield code='d'>2014-2015 :</subfield><subfield code='c'>New Orleans, La.)</subfield></datafield><datafield ind1='4' ind2='2' tag='856'><subfield code='3'>Cover image</subfield><subfield code='u'>http://www.netread.com/jcusers/1417/2889860/image/lgcover.9783791354040.jpg</subfield></datafield><datafield ind1=' ' ind2=' ' tag='907'><subfield code='a'>.b57014826</subfield><subfield code='b'>p    </subfield><subfield code='c'>-</subfield></datafield><datafield ind1=' ' ind2=' ' tag='945'><subfield code='l'>pstk </subfield><subfield code='g'>1</subfield></datafield><datafield ind1=' ' ind2=' ' tag='979'><subfield code='a'>ocn880462392</subfield></datafield><datafield ind1=' ' ind2=' ' tag='998'><subfield code='b'>0</subfield><subfield code='c'>150105</subfield><subfield code='d'>m</subfield><subfield code='e'>a</subfield><subfield code='f'>-</subfield><subfield code='g'>0</subfield></datafield><datafield ind1=' ' ind2=' ' tag='998'><subfield code='a'>01/05/15</subfield><subfield code='s'>LC</subfield><subfield code='c'>AT</subfield></datafield><datafield ind1=' ' ind2=' ' tag='ADM'><subfield code='b'>2018-03-15 16:11:11</subfield><subfield code='e'>b57014826-01tuli_inst</subfield><subfield code='d'>ILS</subfield><subfield code='a'>2017-06-20 11:24:46</subfield><subfield code='c'>false</subfield></datafield><datafield ind1='0' ind2=' ' tag='HLD'><subfield code='b'>MAIN</subfield><subfield code='c'>stacks</subfield><subfield code='h'>N6537.B233</subfield><subfield code='i'>A4 2014</subfield><subfield code='8'>22311144670003811</subfield></datafield><datafield ind1=' ' ind2=' ' tag='ITM'><subfield code='r'>22311144670003811</subfield><subfield code='b'>1</subfield><subfield code='h'>0</subfield><subfield code='g'>stacks</subfield><subfield code='t'>BOOK</subfield><subfield code='9'>39074029690096</subfield><subfield code='e'>stacks</subfield><subfield code='8'>23311144660003811</subfield><subfield code='a'>0</subfield><subfield code='q'>2017-06-20 11:24:46</subfield><subfield code='i'>N6537.B233 A4 2014</subfield><subfield code='d'>MAIN</subfield><subfield code='f'>MAIN</subfield></datafield></record>