
<record xmlns='http://www.loc.gov/MARC21/slim'><leader>03534cam  2200493Ii 4500</leader><controlfield tag='005'>20171120132529.0</controlfield><controlfield tag='008'>160422t20162016gw ac    bc   000 0deng d</controlfield><controlfield tag='001'>991036834902603811</controlfield><datafield ind1=' ' ind2=' ' tag='019'><subfield code='a'>947075590</subfield><subfield code='a'>971560408</subfield></datafield><datafield ind1=' ' ind2=' ' tag='020'><subfield code='a'>9783775741842</subfield></datafield><datafield ind1=' ' ind2=' ' tag='020'><subfield code='a'>3775741844</subfield></datafield><datafield ind1=' ' ind2=' ' tag='035'><subfield code='a'>(OCoLC)947795192</subfield></datafield><datafield ind1=' ' ind2=' ' tag='040'><subfield code='a'>BTCTA</subfield><subfield code='b'>eng</subfield><subfield code='e'>rda</subfield><subfield code='c'>BTCTA</subfield><subfield code='d'>BDX</subfield><subfield code='d'>YDXCP</subfield><subfield code='d'>OHX</subfield><subfield code='d'>JPG</subfield><subfield code='d'>OCLCF</subfield><subfield code='d'>UAB</subfield><subfield code='d'>WTV</subfield><subfield code='d'>PMC</subfield><subfield code='d'>STF</subfield><subfield code='d'>GZN</subfield><subfield code='d'>EQO</subfield><subfield code='d'>ORU</subfield><subfield code='d'>OCLCA</subfield><subfield code='d'>NYP</subfield><subfield code='d'>VMY</subfield><subfield code='d'>UKTTE</subfield><subfield code='d'>OCL</subfield></datafield><datafield ind1=' ' ind2='4' tag='050'><subfield code='a'>N6537.B233</subfield><subfield code='b'>A4 2016</subfield></datafield><datafield ind1='0' ind2='4' tag='082'><subfield code='a'>709.2</subfield><subfield code='2'>23</subfield></datafield><datafield ind1='1' ind2=' ' tag='100'><subfield code='a'>Basquiat, Jean-Michel,</subfield><subfield code='d'>1960-1988,</subfield><subfield code='e'>artist.</subfield></datafield><datafield ind1='0' ind2='0' tag='240'><subfield code='a'>Paintings.</subfield><subfield code='k'>Selections</subfield></datafield><datafield ind1='1' ind2='0' tag='245'><subfield code='a'>Words are all we have :</subfield><subfield code='b'>paintings by Jean-Michel Basquiat /</subfield><subfield code='c'>edited by Dieter Buchhart.</subfield></datafield><datafield ind1=' ' ind2='1' tag='264'><subfield code='a'>Berlin, Germany :</subfield><subfield code='b'>Hatje Cantz Verlag,</subfield><subfield code='c'>[2016]</subfield></datafield><datafield ind1=' ' ind2='4' tag='264'><subfield code='c'>©2016.</subfield></datafield><datafield ind1=' ' ind2=' ' tag='300'><subfield code='a'>205 pages :</subfield><subfield code='b'>illustrations (chiefly color), portraits (some color) ;</subfield><subfield code='c'>30 cm</subfield></datafield><datafield ind1=' ' ind2=' ' tag='336'><subfield code='a'>still image</subfield><subfield code='b'>sti</subfield><subfield code='2'>rdacontent</subfield></datafield><datafield ind1=' ' ind2=' ' tag='336'><subfield code='a'>text</subfield><subfield code='b'>txt</subfield><subfield code='2'>rdacontent</subfield></datafield><datafield ind1=' ' ind2=' ' tag='337'><subfield code='a'>unmediated</subfield><subfield code='b'>n</subfield><subfield code='2'>rdamedia</subfield></datafield><datafield ind1=' ' ind2=' ' tag='338'><subfield code='a'>volume</subfield><subfield code='b'>nc</subfield><subfield code='2'>rdacarrier</subfield></datafield><datafield ind1=' ' ind2=' ' tag='500'><subfield code='a'>Catalog of an exhibition held at Nahmad Contemporary, New York, May 2-June 18, 2016.</subfield></datafield><datafield ind1=' ' ind2=' ' tag='504'><subfield code='a'>Includes bibliographical references.</subfield></datafield><datafield ind1='0' ind2='0' tag='505'><subfield code='t'>Jean-Michel Basquiat : the word and postmodern différance /</subfield><subfield code='r'>Dieter Buchhart --</subfield><subfield code='t'>Baby lonely iambs baby lonely iambs baby lonely iambs /</subfield><subfield code='r'>Thomas Sayers Ellis --</subfield><subfield code='t'>Knowing an image : Jean-Michel Basquiat and the question of text /</subfield><subfield code='r'>Jordana Moore Saggese --</subfield><subfield code='t'>The whole line bows like this : the delta blue signage of Crown Prince Basquiat /</subfield><subfield code='r'>Greg Tate --</subfield><subfield code='t'>Erasing Basquiat /</subfield><subfield code='r'>Christian Campbell --</subfield><subfield code='t'>Basquiat, the word /</subfield><subfield code='r'>Carlo McCormick.</subfield></datafield><datafield ind1='8' ind2=' ' tag='520'><subfield code='a'>In the New York of the eighties, Jean-Michel Basquiat (1960-1988) was the first African-American artist to receive international attention. The enormous scope of his oeuvre is inversely proportional to the short, productive period he was given. As the complexity and trailblazing innovative power of his paintings and drawings has been previously discussed at length-this book focuses on the creative aspect of language in Basquiat&apos;s work. With its complex structures, spontaneous rhythms, and sampled, collage-like manifestations appealing to all of the senses, his work was vaulted into the orbit of the Beat Generation&apos;s pop poets and the protagonists of the musical avant-garde. The multitalented Basquiat created a shimmering, syncopated fabric of images and text, which the American curator and critic Robert Storr aptly called &apos;eye rap&apos;. It was this unpretentious, avant-garde and spontaneous way of working with which Jean-Michel Basquiat wrote art history. It was an artistic means for him to respond to the complexity of modern life in the big city.</subfield></datafield><datafield ind1='1' ind2='0' tag='600'><subfield code='a'>Basquiat, Jean-Michel,</subfield><subfield code='d'>1960-1988</subfield><subfield code='v'>Exhibitions.</subfield></datafield><datafield ind1=' ' ind2='0' tag='650'><subfield code='a'>African American artists</subfield><subfield code='v'>Exhibitions.</subfield></datafield><datafield ind1=' ' ind2='0' tag='650'><subfield code='a'>Artists, Black</subfield><subfield code='v'>Exhibitions.</subfield></datafield><datafield ind1=' ' ind2='0' tag='650'><subfield code='a'>Painters, Black</subfield><subfield code='v'>Exhibitions.</subfield></datafield><datafield ind1='1' ind2='7' tag='600'><subfield code='a'>Basquiat, Jean-Michel,</subfield><subfield code='d'>1960-1988.</subfield><subfield code='2'>fast</subfield><subfield code='0'>(OCoLC)fst01718119</subfield></datafield><datafield ind1=' ' ind2='7' tag='650'><subfield code='a'>African American artists.</subfield><subfield code='2'>fast</subfield><subfield code='0'>(OCoLC)fst00799017</subfield></datafield><datafield ind1=' ' ind2='7' tag='650'><subfield code='a'>Artists, Black.</subfield><subfield code='2'>fast</subfield><subfield code='0'>(OCoLC)fst00817711</subfield></datafield><datafield ind1=' ' ind2='7' tag='650'><subfield code='a'>Painters, Black.</subfield><subfield code='2'>fast</subfield><subfield code='0'>(OCoLC)fst01050560</subfield></datafield><datafield ind1=' ' ind2='7' tag='655'><subfield code='a'>Exhibition catalogs.</subfield><subfield code='2'>lcgft</subfield></datafield><datafield ind1=' ' ind2='7' tag='655'><subfield code='a'>Exhibition catalogs.</subfield><subfield code='2'>fast</subfield><subfield code='0'>(OCoLC)fst01424028</subfield></datafield><datafield ind1='1' ind2=' ' tag='700'><subfield code='a'>Buchhart, Dieter,</subfield><subfield code='d'>1971-</subfield><subfield code='e'>editor.</subfield></datafield><datafield ind1='2' ind2=' ' tag='710'><subfield code='a'>Nahmad Contemporary (Gallery : New York, N.Y.),</subfield><subfield code='e'>host institution.</subfield></datafield><datafield ind1=' ' ind2=' ' tag='979'><subfield code='a'>ocn947795192</subfield></datafield><datafield ind1=' ' ind2=' ' tag='979'><subfield code='a'>991036834902603811</subfield></datafield><datafield ind1=' ' ind2=' ' tag='997'><subfield code='a'>20170915095844.0</subfield><subfield code='c'>LS</subfield><subfield code='s'>OCLC</subfield><subfield code='e'>WCAT</subfield><subfield code='d'>TEU</subfield><subfield code='e'>MARCIVE</subfield></datafield><datafield ind1=' ' ind2=' ' tag='ADM'><subfield code='b'>2017-11-20 18:25:29</subfield><subfield code='e'>ocn947795192</subfield><subfield code='d'>OTHER</subfield><subfield code='a'>2017-09-15 14:09:33</subfield><subfield code='c'>false</subfield></datafield><datafield ind1='0' ind2=' ' tag='HLD'><subfield code='b'>MAIN</subfield><subfield code='c'>stacks</subfield><subfield code='h'>N6537.B233</subfield><subfield code='i'>A4 2016</subfield><subfield code='8'>22400815620003811</subfield></datafield><datafield ind1=' ' ind2=' ' tag='ITM'><subfield code='r'>22400815620003811</subfield><subfield code='b'>1</subfield><subfield code='h'>0</subfield><subfield code='g'>stacks</subfield><subfield code='t'>BOOK</subfield><subfield code='9'>39074025784026</subfield><subfield code='e'>stacks</subfield><subfield code='8'>23400815600003811</subfield><subfield code='a'>0</subfield><subfield code='q'>2017-09-15 14:11:14</subfield><subfield code='i'>N6537.B233 A4 2016</subfield><subfield code='d'>MAIN</subfield><subfield code='f'>MAIN</subfield></datafield></record>