
<record xmlns='http://www.loc.gov/MARC21/slim'><leader>02341cam a22003978a 4500</leader><controlfield tag='005'>20180315165743.0</controlfield><controlfield tag='008'>100811s2010    gw a          000 0 eng  </controlfield><controlfield tag='001'>991007089669703811</controlfield><datafield ind1=' ' ind2=' ' tag='020'><subfield code='a'>9783869840161 (pbk.)</subfield></datafield><datafield ind1=' ' ind2=' ' tag='020'><subfield code='a'>3869840161 (pbk.)</subfield></datafield><datafield ind1=' ' ind2=' ' tag='035'><subfield code='a'>(PPT)b45196692-01tuli_inst</subfield></datafield><datafield ind1=' ' ind2=' ' tag='035'><subfield code='a'>(OCoLC)ocn698178403</subfield><subfield code='9'>ExL</subfield></datafield><datafield ind1=' ' ind2=' ' tag='035'><subfield code='a'>(OCoLC)656778448</subfield></datafield><datafield ind1=' ' ind2=' ' tag='035'><subfield code='a'>ocn656778448</subfield></datafield><datafield ind1=' ' ind2=' ' tag='035'><subfield code='a'>(OCLC)ocn656778448</subfield></datafield><datafield ind1=' ' ind2=' ' tag='040'><subfield code='a'>UKM</subfield><subfield code='c'>UKM</subfield><subfield code='d'>ZCU</subfield><subfield code='d'>N15</subfield><subfield code='d'>PPT</subfield></datafield><datafield ind1='0' ind2=' ' tag='041'><subfield code='a'>eng</subfield><subfield code='a'>ger</subfield></datafield><datafield ind1=' ' ind2=' ' tag='079'><subfield code='a'>ocn656778448</subfield></datafield><datafield ind1=' ' ind2=' ' tag='090'><subfield code='a'>ND2590</subfield><subfield code='b'>.S76 2010</subfield></datafield><datafield ind1='0' ind2='0' tag='245'><subfield code='a'>Street and studio :</subfield><subfield code='b'>from Basquiat to Séripop /</subfield><subfield code='c'>artists, Rita Ackerman ... [et al.]. ; texts by Dieter Bucchart, Catherine Hug, Thomas Miessang ; edited by Catherine Hug, Gerald Matt, Thomas Miessang.</subfield></datafield><datafield ind1=' ' ind2=' ' tag='260'><subfield code='a'>Nürnberg :</subfield><subfield code='b'>Verlag für moderne Kunst Nürnberg ;</subfield><subfield code='a'>Manchester :</subfield><subfield code='b'>Cornerhouse [distributor],</subfield><subfield code='c'>2010.</subfield></datafield><datafield ind1=' ' ind2=' ' tag='300'><subfield code='a'>359 p. :</subfield><subfield code='b'>ill. ;</subfield><subfield code='c'>28 cm.</subfield></datafield><datafield ind1=' ' ind2=' ' tag='546'><subfield code='a'>Text in English and German.</subfield></datafield><datafield ind1='8' ind2=' ' tag='520'><subfield code='a'>The publication focuses on the street as the place where art today is created, and as a source of inspiration to young artists whose lives and art are marked by an urban and mobile lifestyle. But the street also has its art history tradition: an important figure is the American neo-expressionist, Jean-Michel Basquiat, whose work had a significant influence on the changing forms of Street Culture and Urban Art. Important reference sources of the theoretical argument are Guy Debord&apos;s &quot;Théorie de la Dérive&quot; (1956) and Jean Baudrillard&apos;s &quot;Kool Killer&quot; oder &quot;Der Aufstand der Zeichen&quot; (1978). To accompany the exhibition in the Kunsthalle Wien, the catalog is dedicated to the &quot;Künstleratelier Strasse&quot; (the street as artist studio) and presents alternative ways of shaping and dealing with public space, traces the line of tradition and introduces a new generation of contemporary artists. Exhibition: Kunsthalle Wien, 25 June - 10 October 2010.</subfield></datafield><datafield ind1=' ' ind2='0' tag='650'><subfield code='a'>Street art.</subfield></datafield><datafield ind1=' ' ind2='0' tag='650'><subfield code='a'>Outsider artists</subfield><subfield code='v'>Interviews.</subfield></datafield><datafield ind1='1' ind2=' ' tag='700'><subfield code='a'>Buchhart, Dieter.</subfield></datafield><datafield ind1='1' ind2=' ' tag='700'><subfield code='a'>Hug, Catherine,</subfield><subfield code='d'>1976-</subfield></datafield><datafield ind1='1' ind2=' ' tag='700'><subfield code='a'>Miessgang, Thomas.</subfield></datafield><datafield ind1='1' ind2=' ' tag='700'><subfield code='a'>Matt, Gerald.</subfield></datafield><datafield ind1='2' ind2=' ' tag='710'><subfield code='a'>Kunsthalle Wien.</subfield></datafield><datafield ind1=' ' ind2=' ' tag='907'><subfield code='a'>.b45196692</subfield><subfield code='b'>p    </subfield><subfield code='c'>-</subfield></datafield><datafield ind1=' ' ind2=' ' tag='945'><subfield code='l'>pstk </subfield><subfield code='g'>1</subfield></datafield><datafield ind1=' ' ind2=' ' tag='979'><subfield code='a'>ocn656778448</subfield></datafield><datafield ind1=' ' ind2=' ' tag='998'><subfield code='b'>0</subfield><subfield code='c'>110114</subfield><subfield code='d'>m</subfield><subfield code='e'>a</subfield><subfield code='f'>-</subfield><subfield code='g'>0</subfield></datafield><datafield ind1=' ' ind2=' ' tag='998'><subfield code='a'>01/14/11</subfield><subfield code='s'>OCLC</subfield><subfield code='c'>cep </subfield></datafield><datafield ind1=' ' ind2=' ' tag='ADM'><subfield code='b'>2018-03-15 20:57:43</subfield><subfield code='e'>b45196692-01tuli_inst</subfield><subfield code='d'>ILS</subfield><subfield code='a'>2017-06-20 12:41:29</subfield><subfield code='c'>false</subfield></datafield><datafield ind1='0' ind2=' ' tag='HLD'><subfield code='b'>MAIN</subfield><subfield code='c'>stacks</subfield><subfield code='h'>ND2590</subfield><subfield code='i'>.S76 2010</subfield><subfield code='8'>22319892490003811</subfield></datafield><datafield ind1=' ' ind2=' ' tag='ITM'><subfield code='r'>22319892490003811</subfield><subfield code='b'>1</subfield><subfield code='h'>0</subfield><subfield code='g'>stacks</subfield><subfield code='t'>BOOK</subfield><subfield code='9'>39074027488378</subfield><subfield code='e'>stacks</subfield><subfield code='8'>23319892480003811</subfield><subfield code='a'>0</subfield><subfield code='q'>2017-06-20 12:41:29</subfield><subfield code='i'>ND2590 .S76 2010</subfield><subfield code='d'>MAIN</subfield><subfield code='f'>MAIN</subfield></datafield></record>