
<record xmlns='http://www.loc.gov/MARC21/slim'><leader>03386cam a2200673 i 4500</leader><controlfield tag='005'>20170825163400.0</controlfield><controlfield tag='008'>130522s2016    nyua   j      000 0deng  </controlfield><controlfield tag='001'>991029902619703811</controlfield><datafield ind1=' ' ind2=' ' tag='010'><subfield code='a'>2013018520</subfield></datafield><datafield ind1=' ' ind2=' ' tag='020'><subfield code='a'>9780316213882 (hardcover)</subfield></datafield><datafield ind1=' ' ind2=' ' tag='020'><subfield code='a'>0316213888 (hardcover)</subfield></datafield><datafield ind1=' ' ind2=' ' tag='035'><subfield code='a'>(PPT)b64089484-01tuli_inst</subfield></datafield><datafield ind1=' ' ind2=' ' tag='035'><subfield code='a'>(OCoLC)849509653</subfield><subfield code='z'>(OCoLC)939705115</subfield></datafield><datafield ind1=' ' ind2=' ' tag='035'><subfield code='a'>ocn849509653</subfield></datafield><datafield ind1=' ' ind2=' ' tag='035'><subfield code='a'>(OCLC)ocn849509653</subfield></datafield><datafield ind1=' ' ind2=' ' tag='040'><subfield code='a'>DLC</subfield><subfield code='b'>eng</subfield><subfield code='e'>rda</subfield><subfield code='c'>DLC</subfield><subfield code='d'>OCLCF</subfield><subfield code='d'>BDX</subfield><subfield code='d'>BTCTA</subfield><subfield code='d'>NOG</subfield><subfield code='d'>YDXCP</subfield><subfield code='d'>TOH</subfield><subfield code='d'>NYP</subfield><subfield code='d'>ON8</subfield><subfield code='d'>FMG</subfield><subfield code='d'>TYV</subfield><subfield code='d'>IK2</subfield><subfield code='d'>JAG</subfield><subfield code='d'>OQX</subfield><subfield code='d'>WIVLS</subfield><subfield code='d'>EHH</subfield><subfield code='d'>MZA</subfield><subfield code='d'>DAY</subfield><subfield code='d'>IUK</subfield><subfield code='d'>IGA</subfield><subfield code='d'>T7B</subfield><subfield code='d'>T3B</subfield><subfield code='d'>PLYCL</subfield><subfield code='d'>KSU</subfield><subfield code='d'>TXMAL</subfield><subfield code='d'>CZL</subfield><subfield code='d'>OCLCO</subfield><subfield code='d'>NYP</subfield></datafield><datafield ind1=' ' ind2=' ' tag='042'><subfield code='a'>pcc</subfield></datafield><datafield ind1=' ' ind2=' ' tag='043'><subfield code='a'>n-us---</subfield><subfield code='a'>n-us-ny</subfield></datafield><datafield ind1=' ' ind2=' ' tag='079'><subfield code='a'>ocn849509653</subfield></datafield><datafield ind1=' ' ind2=' ' tag='090'><subfield code='a'>N6537.B233</subfield><subfield code='b'>S84 2016</subfield></datafield><datafield ind1='1' ind2=' ' tag='100'><subfield code='a'>Steptoe, Javaka,</subfield><subfield code='d'>1971-</subfield><subfield code='e'>author,</subfield><subfield code='e'>artist.</subfield></datafield><datafield ind1='1' ind2='0' tag='245'><subfield code='a'>Radiant child :</subfield><subfield code='b'>the story of young artist Jean-Michel Basquiat /</subfield><subfield code='c'>Javaka Steptoe.</subfield></datafield><datafield ind1=' ' ind2=' ' tag='250'><subfield code='a'>First edition.</subfield></datafield><datafield ind1=' ' ind2='1' tag='264'><subfield code='a'>New York ;</subfield><subfield code='a'>Boston :</subfield><subfield code='b'>Little, Brown and Company,</subfield><subfield code='c'>[2016]</subfield></datafield><datafield ind1=' ' ind2=' ' tag='300'><subfield code='a'>1 volume unpaged :</subfield><subfield code='b'>color illustrations ;</subfield><subfield code='c'>28 cm</subfield></datafield><datafield ind1=' ' ind2=' ' tag='336'><subfield code='a'>text</subfield><subfield code='b'>txt</subfield><subfield code='2'>rdacontent</subfield></datafield><datafield ind1=' ' ind2=' ' tag='336'><subfield code='a'>still image</subfield><subfield code='b'>sti</subfield><subfield code='2'>rdacontent</subfield></datafield><datafield ind1=' ' ind2=' ' tag='337'><subfield code='a'>unmediated</subfield><subfield code='b'>n</subfield><subfield code='2'>rdamedia</subfield></datafield><datafield ind1=' ' ind2=' ' tag='338'><subfield code='a'>volume</subfield><subfield code='b'>nc</subfield><subfield code='2'>rdacarrier</subfield></datafield><datafield ind1=' ' ind2=' ' tag='504'><subfield code='a'>Includes bibliographical references (page 2).</subfield></datafield><datafield ind1=' ' ind2=' ' tag='520'><subfield code='a'>Jean-Michel Basquiat and his unique, collage-style paintings rocked to fame in the 1980s as a cultural phenomenon unlike anything the art work had ever seen. But before that, he was a little boy who saw art everywhere: in poetry books and museums, in games and in the words that we speak, and in the pulsing energy of New York City. Now, award-winning illustrator Javaka Steptoe&apos;s vivid text and bold artwork echoing Basquiat&apos;s own introduce young readers to the powerful message and art doesn&apos;t always have to be neat or clean--and definitely not inside the lines--to be beautiful.</subfield></datafield><datafield ind1='0' ind2=' ' tag='526'><subfield code='a'>Accelerated Reader</subfield><subfield code='c'>4.7</subfield></datafield><datafield ind1='0' ind2=' ' tag='526'><subfield code='a'>Reading Counts!</subfield><subfield code='c'>9.4</subfield></datafield><datafield ind1='1' ind2='0' tag='600'><subfield code='a'>Basquiat, Jean-Michel,</subfield><subfield code='d'>1960-1988</subfield><subfield code='v'>Juvenile literature</subfield><subfield code='v'>Pictorial works.</subfield></datafield><datafield ind1='1' ind2='0' tag='600'><subfield code='a'>Basquiat, Jean-Michel,</subfield><subfield code='d'>1960-1988.</subfield></datafield><datafield ind1=' ' ind2='7' tag='655'><subfield code='a'>Biographies.</subfield><subfield code='2'>lcgft</subfield></datafield><datafield ind1='1' ind2='7' tag='600'><subfield code='a'>Basquiat, Jean-Michel,</subfield><subfield code='d'>1960-1988.</subfield><subfield code='2'>fast</subfield><subfield code='0'>(OCoLC)fst01718119</subfield></datafield><datafield ind1='1' ind2='4' tag='600'><subfield code='a'>Basquiat, Jean-Michel,</subfield><subfield code='d'>1960-1988.</subfield></datafield><datafield ind1=' ' ind2='0' tag='650'><subfield code='a'>African American artists</subfield><subfield code='v'>Biography</subfield><subfield code='v'>Pictorial works.</subfield></datafield><datafield ind1=' ' ind2='0' tag='650'><subfield code='a'>African American painters</subfield><subfield code='v'>Biography</subfield><subfield code='v'>Pictorial works.</subfield></datafield><datafield ind1=' ' ind2='0' tag='650'><subfield code='a'>African American art</subfield><subfield code='v'>Pictorial works.</subfield></datafield><datafield ind1=' ' ind2='7' tag='650'><subfield code='a'>Artists.</subfield><subfield code='2'>fast</subfield><subfield code='0'>(OCoLC)fst00817559</subfield></datafield><datafield ind1=' ' ind2='7' tag='650'><subfield code='a'>JUVENILE NONFICTION / Art / History.</subfield><subfield code='2'>bisacsh</subfield></datafield><datafield ind1=' ' ind2='7' tag='650'><subfield code='a'>JUVENILE NONFICTION / Art / Painting.</subfield><subfield code='2'>bisacsh</subfield></datafield><datafield ind1=' ' ind2='7' tag='650'><subfield code='a'>JUVENILE NONFICTION / Biography &amp; Autobiography / Art.</subfield><subfield code='2'>bisacsh</subfield></datafield><datafield ind1=' ' ind2='7' tag='650'><subfield code='a'>JUVENILE NONFICTION / Biography &amp; Autobiography / Cultural Heritage.</subfield><subfield code='2'>bisacsh</subfield></datafield><datafield ind1=' ' ind2='7' tag='650'><subfield code='a'>JUVENILE NONFICTION / Family / Parents.</subfield><subfield code='2'>bisacsh</subfield></datafield><datafield ind1=' ' ind2='7' tag='650'><subfield code='a'>JUVENILE NONFICTION / Social Topics / Emotions &amp; Feelings.</subfield><subfield code='2'>bisacsh</subfield></datafield><datafield ind1=' ' ind2='7' tag='651'><subfield code='a'>United States.</subfield><subfield code='2'>fast</subfield><subfield code='0'>(OCoLC)fst01204155</subfield></datafield><datafield ind1=' ' ind2='7' tag='655'><subfield code='a'>Picture books.</subfield><subfield code='2'>lcgft</subfield></datafield><datafield ind1=' ' ind2='7' tag='655'><subfield code='a'>Biography.</subfield><subfield code='2'>fast</subfield><subfield code='0'>(OCoLC)fst01423686</subfield></datafield><datafield ind1=' ' ind2='7' tag='655'><subfield code='a'>Juvenile works.</subfield><subfield code='2'>fast</subfield><subfield code='0'>(OCoLC)fst01411637</subfield></datafield><datafield ind1=' ' ind2='7' tag='655'><subfield code='a'>Picture books.</subfield><subfield code='2'>fast</subfield><subfield code='0'>(OCoLC)fst01726789</subfield></datafield><datafield ind1=' ' ind2=' ' tag='902'><subfield code='a'>170421</subfield></datafield><datafield ind1=' ' ind2=' ' tag='907'><subfield code='a'>.b64089484</subfield><subfield code='b'>a    </subfield><subfield code='c'>-</subfield></datafield><datafield ind1=' ' ind2=' ' tag='945'><subfield code='l'>aimc </subfield><subfield code='g'>1</subfield></datafield><datafield ind1=' ' ind2=' ' tag='979'><subfield code='a'>ocn849509653</subfield></datafield><datafield ind1=' ' ind2=' ' tag='998'><subfield code='b'>1</subfield><subfield code='c'>170317</subfield><subfield code='d'>m</subfield><subfield code='e'>a</subfield><subfield code='f'>-</subfield><subfield code='g'>0</subfield></datafield><datafield ind1=' ' ind2=' ' tag='998'><subfield code='b'>1</subfield><subfield code='c'>170317</subfield><subfield code='d'>m</subfield><subfield code='e'>a</subfield><subfield code='f'>-</subfield><subfield code='g'>0</subfield></datafield><datafield ind1=' ' ind2=' ' tag='ADM'><subfield code='b'>2017-08-25 20:34:00</subfield><subfield code='e'>b64089484-01tuli_inst</subfield><subfield code='d'>ILS</subfield><subfield code='a'>2017-06-20 06:30:51</subfield><subfield code='c'>false</subfield></datafield><datafield ind1='0' ind2=' ' tag='HLD'><subfield code='b'>AMBLER</subfield><subfield code='c'>imc</subfield><subfield code='h'>N6537.B233</subfield><subfield code='i'>S84 2016</subfield><subfield code='8'>22249226370003811</subfield></datafield><datafield ind1=' ' ind2=' ' tag='ITM'><subfield code='r'>22249226370003811</subfield><subfield code='b'>1</subfield><subfield code='h'>0</subfield><subfield code='g'>imc</subfield><subfield code='t'>BOOK</subfield><subfield code='9'>39074030202873</subfield><subfield code='e'>imc</subfield><subfield code='8'>23249226340003811</subfield><subfield code='a'>0</subfield><subfield code='q'>2017-06-20 06:30:51</subfield><subfield code='i'>N6537.B233 S84 2016</subfield><subfield code='d'>AMBLER</subfield><subfield code='f'>AMBLER</subfield></datafield></record>