
<record xmlns='http://www.loc.gov/MARC21/slim'><leader>01550cam a2200409 a 4500</leader><controlfield tag='005'>20180315183533.0</controlfield><controlfield tag='008'>060505s2006    fr a          000 0 eng  </controlfield><controlfield tag='001'>991014481349703811</controlfield><datafield ind1=' ' ind2=' ' tag='020'><subfield code='a'>2080305298 (hbk.)</subfield></datafield><datafield ind1=' ' ind2=' ' tag='020'><subfield code='a'>9782080305299 (hbk.)</subfield></datafield><datafield ind1=' ' ind2=' ' tag='035'><subfield code='a'>(PPT)b30632766-01tuli_inst</subfield></datafield><datafield ind1=' ' ind2=' ' tag='035'><subfield code='a'>(OCoLC)ocn491817846</subfield><subfield code='9'>ExL</subfield></datafield><datafield ind1=' ' ind2=' ' tag='035'><subfield code='a'>70882400</subfield></datafield><datafield ind1=' ' ind2=' ' tag='035'><subfield code='a'>ocm70882400</subfield></datafield><datafield ind1=' ' ind2=' ' tag='035'><subfield code='a'>(OCLC)ocm70882400</subfield></datafield><datafield ind1=' ' ind2=' ' tag='040'><subfield code='a'>UKM</subfield><subfield code='c'>UKM</subfield><subfield code='d'>BAKER</subfield><subfield code='d'>OCO</subfield><subfield code='d'>YDXCP</subfield><subfield code='d'>SUC</subfield><subfield code='d'>IXA</subfield><subfield code='d'>PPT</subfield></datafield><datafield ind1='1' ind2=' ' tag='041'><subfield code='a'>eng</subfield><subfield code='h'>fre</subfield></datafield><datafield ind1=' ' ind2=' ' tag='079'><subfield code='a'>ocm70882400</subfield></datafield><datafield ind1=' ' ind2=' ' tag='090'><subfield code='a'>ND1145</subfield><subfield code='b'>.N8713x 2006</subfield></datafield><datafield ind1='1' ind2=' ' tag='100'><subfield code='a'>Nuridsany, Michel.</subfield></datafield><datafield ind1='0' ind2='0' tag='240'><subfield code='a'>100 chefs-d&apos;oeuvre de la peinture.</subfield><subfield code='l'>English.</subfield></datafield><datafield ind1='1' ind2='0' tag='245'><subfield code='a'>Michel Nuridsany&apos;s 100 masterpieces of painting :</subfield><subfield code='b'>from Lascaux to Basquiat, from Florence to Shanghai /</subfield><subfield code='c'>Michel Nuridsany ; [translated from the French by David Radzinowicz].</subfield></datafield><datafield ind1='3' ind2=' ' tag='246'><subfield code='a'>100 masterpieces of painting</subfield></datafield><datafield ind1=' ' ind2=' ' tag='250'><subfield code='a'>English language ed.</subfield></datafield><datafield ind1=' ' ind2=' ' tag='260'><subfield code='a'>Paris :</subfield><subfield code='b'>Flammarion ;</subfield><subfield code='a'>[s. l.] :</subfield><subfield code='b'>Distributed in North America by Rizzoli International Publications, Inc.,</subfield><subfield code='c'>2006.</subfield></datafield><datafield ind1=' ' ind2=' ' tag='300'><subfield code='a'>208 p. :</subfield><subfield code='b'>col. ill. ;</subfield><subfield code='c'>32 cm.</subfield></datafield><datafield ind1=' ' ind2=' ' tag='500'><subfield code='a'>English translation of: &quot;100 chefs-d&apos;oeuvre de la peinture : de Lascaux à Basquiat, de Florence à Shanghai.&quot;</subfield></datafield><datafield ind1=' ' ind2=' ' tag='546'><subfield code='a'>Text translated into English.</subfield></datafield><datafield ind1=' ' ind2='0' tag='650'><subfield code='a'>Painting.</subfield></datafield><datafield ind1=' ' ind2='0' tag='650'><subfield code='a'>Painting</subfield><subfield code='x'>Appreciation.</subfield></datafield><datafield ind1=' ' ind2='0' tag='650'><subfield code='a'>Painting</subfield><subfield code='x'>History.</subfield></datafield><datafield ind1='1' ind2=' ' tag='700'><subfield code='a'>Radzinowicz, David.</subfield></datafield><datafield ind1=' ' ind2=' ' tag='907'><subfield code='a'>.b30632766</subfield><subfield code='b'>p    </subfield><subfield code='c'>-</subfield></datafield><datafield ind1=' ' ind2=' ' tag='945'><subfield code='l'>pstk </subfield><subfield code='g'>1</subfield></datafield><datafield ind1=' ' ind2=' ' tag='979'><subfield code='a'>ocm70882400</subfield></datafield><datafield ind1=' ' ind2=' ' tag='998'><subfield code='b'>0</subfield><subfield code='c'>070515</subfield><subfield code='d'>m</subfield><subfield code='e'>a</subfield><subfield code='f'>-</subfield><subfield code='g'>0</subfield></datafield><datafield ind1=' ' ind2=' ' tag='998'><subfield code='a'>05/15/07</subfield><subfield code='s'>OCLC</subfield><subfield code='c'>RM</subfield></datafield><datafield ind1=' ' ind2=' ' tag='ADM'><subfield code='b'>2018-03-15 22:35:33</subfield><subfield code='e'>b30632766-01tuli_inst</subfield><subfield code='d'>ILS</subfield><subfield code='a'>2017-06-20 09:48:38</subfield><subfield code='c'>false</subfield></datafield><datafield ind1='0' ind2=' ' tag='HLD'><subfield code='b'>MAIN</subfield><subfield code='c'>stacks</subfield><subfield code='h'>ND1145</subfield><subfield code='i'>.N8713x 2006</subfield><subfield code='8'>22297263520003811</subfield></datafield><datafield ind1=' ' ind2=' ' tag='ITM'><subfield code='r'>22297263520003811</subfield><subfield code='b'>1</subfield><subfield code='h'>0</subfield><subfield code='g'>stacks</subfield><subfield code='t'>BOOK</subfield><subfield code='9'>39074021544952</subfield><subfield code='e'>stacks</subfield><subfield code='8'>23297263510003811</subfield><subfield code='a'>0</subfield><subfield code='q'>2017-06-20 09:48:38</subfield><subfield code='i'>ND1145 .N8713x 2006</subfield><subfield code='d'>MAIN</subfield><subfield code='f'>MAIN</subfield></datafield></record>