
<record xmlns='http://www.loc.gov/MARC21/slim'><leader>01473pam a2200433 a 4500</leader><controlfield tag='005'>20170825192345.0</controlfield><controlfield tag='008'>010423s2001    nyua     b    001 0 eng  </controlfield><controlfield tag='001'>991026108299703811</controlfield><datafield ind1=' ' ind2=' ' tag='010'><subfield code='a'>2001027729</subfield></datafield><datafield ind1=' ' ind2=' ' tag='020'><subfield code='a'>0807741515 (pbk. : alk. paper)</subfield></datafield><datafield ind1=' ' ind2=' ' tag='020'><subfield code='a'>0807741523 (hbk. : alk. paper)</subfield></datafield><datafield ind1=' ' ind2=' ' tag='035'><subfield code='a'>(PPT)b24488938-01tuli_inst</subfield></datafield><datafield ind1=' ' ind2=' ' tag='035'><subfield code='a'>(DLC)ocn487311581</subfield><subfield code='9'>ExL</subfield></datafield><datafield ind1=' ' ind2=' ' tag='035'><subfield code='a'>DLC  2001027729</subfield></datafield><datafield ind1=' ' ind2=' ' tag='035'><subfield code='a'>ocm46882557</subfield></datafield><datafield ind1=' ' ind2=' ' tag='035'><subfield code='a'>(OCLC)ocm46882557</subfield></datafield><datafield ind1=' ' ind2=' ' tag='040'><subfield code='a'>DLC</subfield><subfield code='c'>DLC</subfield><subfield code='d'>OrLoB</subfield></datafield><datafield ind1=' ' ind2=' ' tag='042'><subfield code='a'>pcc</subfield></datafield><datafield ind1=' ' ind2=' ' tag='043'><subfield code='a'>n-us---</subfield></datafield><datafield ind1=' ' ind2=' ' tag='079'><subfield code='a'>ocm46882557</subfield></datafield><datafield ind1=' ' ind2=' ' tag='090'><subfield code='a'>NX284.3</subfield><subfield code='b'>.D56 2001</subfield></datafield><datafield ind1='1' ind2=' ' tag='100'><subfield code='a'>Dimitriadis, Greg,</subfield><subfield code='d'>1969-</subfield></datafield><datafield ind1='1' ind2='0' tag='245'><subfield code='a'>Reading and teaching the postcolonial :</subfield><subfield code='b'>from Baldwin to Basquiat and beyond /</subfield><subfield code='c'>Greg Dimitriadis, Cameron McCarthy ; foreword by Maxine Greene.</subfield></datafield><datafield ind1='1' ind2='4' tag='246'><subfield code='a'>Reading &amp; teaching the postcolonial</subfield></datafield><datafield ind1=' ' ind2=' ' tag='260'><subfield code='a'>New York ;</subfield><subfield code='a'>London :</subfield><subfield code='b'>Teachers College Press,</subfield><subfield code='c'>c2001.</subfield></datafield><datafield ind1=' ' ind2=' ' tag='300'><subfield code='a'>x, 134 p. :</subfield><subfield code='b'>ill. ;</subfield><subfield code='c'>24 cm.</subfield></datafield><datafield ind1=' ' ind2=' ' tag='504'><subfield code='a'>Includes bibliographical references (p. 121-129) and index.</subfield></datafield><datafield ind1=' ' ind2='0' tag='650'><subfield code='a'>Arts</subfield><subfield code='x'>Study and teaching (Higher)</subfield><subfield code='z'>United States.</subfield></datafield><datafield ind1=' ' ind2='0' tag='650'><subfield code='a'>Postcolonialism and the arts</subfield><subfield code='x'>Study and teaching (Higher)</subfield><subfield code='z'>United States.</subfield></datafield><datafield ind1='1' ind2=' ' tag='700'><subfield code='a'>McCarthy, Cameron.</subfield></datafield><datafield ind1=' ' ind2=' ' tag='901'><subfield code='a'>BNA</subfield></datafield><datafield ind1=' ' ind2=' ' tag='901'><subfield code='a'>R7270394</subfield></datafield><datafield ind1=' ' ind2=' ' tag='902'><subfield code='a'>110512</subfield></datafield><datafield ind1=' ' ind2=' ' tag='902'><subfield code='a'>011124AB0701</subfield></datafield><datafield ind1=' ' ind2=' ' tag='907'><subfield code='a'>.b24488938</subfield><subfield code='b'>p    </subfield><subfield code='c'>-</subfield></datafield><datafield ind1=' ' ind2=' ' tag='945'><subfield code='l'>pstk </subfield><subfield code='g'>1</subfield></datafield><datafield ind1=' ' ind2=' ' tag='979'><subfield code='a'>ocm46882557</subfield></datafield><datafield ind1=' ' ind2=' ' tag='998'><subfield code='b'>1</subfield><subfield code='c'>020111</subfield><subfield code='d'>m</subfield><subfield code='e'>a</subfield><subfield code='f'>-</subfield><subfield code='g'>0</subfield></datafield><datafield ind1=' ' ind2=' ' tag='998'><subfield code='b'>1</subfield><subfield code='c'>020111</subfield><subfield code='d'>m</subfield><subfield code='e'>a</subfield><subfield code='f'>-</subfield><subfield code='g'>0</subfield></datafield><datafield ind1=' ' ind2=' ' tag='ADM'><subfield code='b'>2017-08-25 23:23:45</subfield><subfield code='e'>b24488938-01tuli_inst</subfield><subfield code='d'>ILS</subfield><subfield code='a'>2017-06-20 08:18:11</subfield><subfield code='c'>false</subfield></datafield><datafield ind1='0' ind2=' ' tag='HLD'><subfield code='b'>MAIN</subfield><subfield code='c'>stacks</subfield><subfield code='h'>NX284.3</subfield><subfield code='i'>.D56 2001</subfield><subfield code='8'>22280246320003811</subfield></datafield><datafield ind1=' ' ind2=' ' tag='ITM'><subfield code='r'>22280246320003811</subfield><subfield code='b'>1</subfield><subfield code='h'>0</subfield><subfield code='g'>stacks</subfield><subfield code='t'>BOOK</subfield><subfield code='9'>39074015031420</subfield><subfield code='e'>stacks</subfield><subfield code='8'>23280246310003811</subfield><subfield code='a'>0</subfield><subfield code='q'>2017-06-20 08:18:11</subfield><subfield code='i'>NX284.3 .D56 2001</subfield><subfield code='d'>MAIN</subfield><subfield code='f'>MAIN</subfield></datafield></record>