
<record xmlns='http://www.loc.gov/MARC21/slim'><leader>01861cam a22004574a 4500</leader><controlfield tag='005'>20180315215834.0</controlfield><controlfield tag='008'>090115s2009    fr a     bc   000 0 fre  </controlfield><controlfield tag='001'>991036611919703811</controlfield><datafield ind1=' ' ind2=' ' tag='010'><subfield code='a'>2009405863</subfield></datafield><datafield ind1=' ' ind2=' ' tag='020'><subfield code='a'>9782357440029</subfield></datafield><datafield ind1=' ' ind2=' ' tag='020'><subfield code='a'>2357440023</subfield></datafield><datafield ind1=' ' ind2=' ' tag='020'><subfield code='a'>9782081224247 (EFSP)</subfield></datafield><datafield ind1=' ' ind2=' ' tag='020'><subfield code='a'>2081224240</subfield></datafield><datafield ind1=' ' ind2=' ' tag='035'><subfield code='a'>(PPT)b41477236-01tuli_inst</subfield></datafield><datafield ind1=' ' ind2=' ' tag='035'><subfield code='a'>(OCoLC)ocn654345260</subfield><subfield code='9'>ExL</subfield></datafield><datafield ind1=' ' ind2=' ' tag='035'><subfield code='a'>(OCoLC)316829110</subfield></datafield><datafield ind1=' ' ind2=' ' tag='035'><subfield code='a'>ocn316829110</subfield></datafield><datafield ind1=' ' ind2=' ' tag='035'><subfield code='a'>(OCLC)ocn316829110</subfield></datafield><datafield ind1=' ' ind2=' ' tag='040'><subfield code='a'>DLC</subfield><subfield code='c'>DLC</subfield><subfield code='d'>TZT</subfield><subfield code='d'>AUXAM</subfield><subfield code='d'>NGA</subfield><subfield code='d'>GZM</subfield></datafield><datafield ind1=' ' ind2=' ' tag='079'><subfield code='a'>ocn316829110</subfield></datafield><datafield ind1=' ' ind2=' ' tag='090'><subfield code='a'>ML141.B2</subfield><subfield code='b'>S4 2009</subfield></datafield><datafield ind1='0' ind2=' ' tag='130'><subfield code='a'>Secolo del jazz.</subfield><subfield code='l'>French.</subfield></datafield><datafield ind1='1' ind2='3' tag='245'><subfield code='a'>Le siècle du jazz :</subfield><subfield code='b'>art, cinéma, musique et photographie de Picasso à Basquiat /</subfield><subfield code='c'>sous la direction de Daniel Soutif.</subfield></datafield><datafield ind1=' ' ind2=' ' tag='260'><subfield code='a'>Paris :</subfield><subfield code='b'>Musée du quai Branly :</subfield><subfield code='b'>Skira Flammarion,</subfield><subfield code='c'>c2009.</subfield></datafield><datafield ind1=' ' ind2=' ' tag='300'><subfield code='a'>446 p. :</subfield><subfield code='b'>ill. (some col.) ;</subfield><subfield code='c'>28 cm.</subfield></datafield><datafield ind1=' ' ind2=' ' tag='500'><subfield code='a'>Catalog of an exhibition held at the Museo di arte moderna e contemporanea di Trento e Rovereto, Nov. 15, 2008-Feb. 15, 2009, the Musée du quai Branly, Paris, Mar. 17-June 28, 2009, and at the Centre de Cultura Contemporània de Barcelona, July 21-Oct. 18, 2009.</subfield></datafield><datafield ind1=' ' ind2=' ' tag='500'><subfield code='a'>Previously published in Italian.</subfield></datafield><datafield ind1=' ' ind2=' ' tag='504'><subfield code='a'>Includes bibliographical references (p. 435-439).</subfield></datafield><datafield ind1=' ' ind2='0' tag='650'><subfield code='a'>Jazz in art</subfield><subfield code='v'>Exhibitions.</subfield></datafield><datafield ind1=' ' ind2='0' tag='650'><subfield code='a'>Art and music</subfield><subfield code='x'>History</subfield><subfield code='y'>20th century</subfield><subfield code='v'>Exhibitions.</subfield></datafield><datafield ind1=' ' ind2='0' tag='650'><subfield code='a'>Arts, Modern</subfield><subfield code='y'>20th century</subfield><subfield code='x'>Themes, motives</subfield><subfield code='v'>Exhibitions.</subfield></datafield><datafield ind1='1' ind2=' ' tag='700'><subfield code='a'>Soutif, Daniel.</subfield></datafield><datafield ind1='2' ind2=' ' tag='710'><subfield code='a'>Museo d&apos;arte moderna e contemporanea di Trento e Rovereto.</subfield></datafield><datafield ind1='2' ind2=' ' tag='710'><subfield code='a'>Musée du quai Branly.</subfield></datafield><datafield ind1='2' ind2=' ' tag='710'><subfield code='a'>Centre de Cultura Contemporània de Barcelona.</subfield></datafield><datafield ind1=' ' ind2=' ' tag='907'><subfield code='a'>.b41477236</subfield><subfield code='b'>multi</subfield><subfield code='c'>-</subfield></datafield><datafield ind1=' ' ind2=' ' tag='945'><subfield code='l'>b    </subfield><subfield code='g'>1</subfield></datafield><datafield ind1=' ' ind2=' ' tag='945'><subfield code='l'>pstk </subfield><subfield code='g'>1</subfield></datafield><datafield ind1=' ' ind2=' ' tag='979'><subfield code='a'>ocn316829110</subfield></datafield><datafield ind1=' ' ind2=' ' tag='998'><subfield code='b'>2</subfield><subfield code='c'>091102</subfield><subfield code='d'>m</subfield><subfield code='e'>a</subfield><subfield code='f'>-</subfield><subfield code='g'>3</subfield></datafield><datafield ind1=' ' ind2=' ' tag='998'><subfield code='a'>11/02/09</subfield><subfield code='s'>LC</subfield><subfield code='c'>AT</subfield></datafield><datafield ind1=' ' ind2=' ' tag='ADM'><subfield code='b'>2018-03-16 01:58:34</subfield><subfield code='e'>b41477236-01tuli_inst</subfield><subfield code='d'>ILS</subfield><subfield code='a'>2017-06-20 08:22:55</subfield><subfield code='c'>false</subfield></datafield><datafield ind1='0' ind2=' ' tag='HLD'><subfield code='b'>BLOCKSON</subfield><subfield code='c'>rarestacks</subfield><subfield code='h'>ML141.B2</subfield><subfield code='i'>S4 2009</subfield><subfield code='8'>22281268530003811</subfield></datafield><datafield ind1='0' ind2=' ' tag='HLD'><subfield code='b'>MAIN</subfield><subfield code='c'>stacks</subfield><subfield code='h'>ML141.B2</subfield><subfield code='i'>S4 2009</subfield><subfield code='8'>22281268550003811</subfield></datafield><datafield ind1=' ' ind2=' ' tag='ITM'><subfield code='r'>22281268530003811</subfield><subfield code='b'>1</subfield><subfield code='h'>0</subfield><subfield code='g'>rarestacks</subfield><subfield code='t'>BOOK</subfield><subfield code='e'>rarestacks</subfield><subfield code='8'>23281268500003811</subfield><subfield code='a'>4</subfield><subfield code='q'>2017-06-20 08:22:55</subfield><subfield code='i'>ML141.B2 S4 2009</subfield><subfield code='d'>BLOCKSON</subfield><subfield code='f'>BLOCKSON</subfield></datafield><datafield ind1=' ' ind2=' ' tag='ITM'><subfield code='r'>22281268550003811</subfield><subfield code='b'>1</subfield><subfield code='h'>0</subfield><subfield code='g'>stacks</subfield><subfield code='t'>BOOK</subfield><subfield code='9'>39074024971186</subfield><subfield code='e'>stacks</subfield><subfield code='8'>23281268540003811</subfield><subfield code='a'>0</subfield><subfield code='q'>2017-06-20 08:22:55</subfield><subfield code='i'>ML141.B2 S4 2009</subfield><subfield code='d'>MAIN</subfield><subfield code='f'>MAIN</subfield></datafield></record>