
<record xmlns='http://www.loc.gov/MARC21/slim'><leader>01649cam a22004094a 4500</leader><controlfield tag='005'>20180315164906.0</controlfield><controlfield tag='008'>090115s2008    it a     bc   000 0 ita  </controlfield><controlfield tag='001'>991005745939703811</controlfield><datafield ind1=' ' ind2=' ' tag='010'><subfield code='a'>2009381672</subfield></datafield><datafield ind1=' ' ind2=' ' tag='020'><subfield code='a'>9788857200866</subfield></datafield><datafield ind1=' ' ind2=' ' tag='020'><subfield code='a'>8857200868</subfield></datafield><datafield ind1=' ' ind2=' ' tag='035'><subfield code='a'>(PPT)b44218163-01tuli_inst</subfield></datafield><datafield ind1=' ' ind2=' ' tag='035'><subfield code='a'>(OCoLC)ocn683428813</subfield><subfield code='9'>ExL</subfield></datafield><datafield ind1=' ' ind2=' ' tag='035'><subfield code='a'>(OCoLC)298440057</subfield></datafield><datafield ind1=' ' ind2=' ' tag='035'><subfield code='a'>ocn298440057</subfield></datafield><datafield ind1=' ' ind2=' ' tag='035'><subfield code='a'>(OCLC)ocn298440057</subfield></datafield><datafield ind1=' ' ind2=' ' tag='040'><subfield code='a'>DLC</subfield><subfield code='c'>DLC</subfield><subfield code='d'>IUL</subfield></datafield><datafield ind1='0' ind2='0' tag='050'><subfield code='a'>ML141.B2</subfield><subfield code='b'>S4 2008</subfield></datafield><datafield ind1=' ' ind2=' ' tag='079'><subfield code='a'>ocn298440057</subfield></datafield><datafield ind1=' ' ind2=' ' tag='090'><subfield code='a'>ML141.B2</subfield><subfield code='b'>S4 2008</subfield></datafield><datafield ind1='0' ind2='3' tag='245'><subfield code='a'>Il secolo del jazz :</subfield><subfield code='b'>arte, cinema, musica e fotografia da Picasso a Basquiat /</subfield><subfield code='c'>a cura di Daniel Soutif.</subfield></datafield><datafield ind1=' ' ind2=' ' tag='260'><subfield code='a'>Milano :</subfield><subfield code='b'>Skira,</subfield><subfield code='c'>c2008.</subfield></datafield><datafield ind1=' ' ind2=' ' tag='300'><subfield code='a'>446 p. :</subfield><subfield code='b'>ill. (some col.) ;</subfield><subfield code='c'>28 cm.</subfield></datafield><datafield ind1=' ' ind2=' ' tag='500'><subfield code='a'>Catalog of an exhibition held at the Museo di arte moderna e contemporanea di Trento e Rovereto, Nov. 15, 2008-Feb. 15, 2009, the Musée du quai Branly, Paris, Mar. 17-June 28, 2009, and at the Centre de Cultura Contemporània de Barcelona, July 21-Oct. 18, 2009.</subfield></datafield><datafield ind1=' ' ind2=' ' tag='504'><subfield code='a'>Includes bibliographical references (p. 435-439).</subfield></datafield><datafield ind1=' ' ind2='0' tag='650'><subfield code='a'>Jazz in art</subfield><subfield code='v'>Exhibitions.</subfield></datafield><datafield ind1=' ' ind2='0' tag='650'><subfield code='a'>Art and music</subfield><subfield code='x'>History</subfield><subfield code='y'>20th century</subfield><subfield code='v'>Exhibitions.</subfield></datafield><datafield ind1=' ' ind2='0' tag='650'><subfield code='a'>Arts, Modern</subfield><subfield code='y'>20th century</subfield><subfield code='x'>Themes, motives</subfield><subfield code='v'>Exhibitions.</subfield></datafield><datafield ind1='1' ind2=' ' tag='700'><subfield code='a'>Soutif, Daniel.</subfield></datafield><datafield ind1='2' ind2=' ' tag='710'><subfield code='a'>Museo d&apos;arte moderna e contemporanea di Trento e Rovereto.</subfield></datafield><datafield ind1='2' ind2=' ' tag='710'><subfield code='a'>Musée du quai Branly.</subfield></datafield><datafield ind1='2' ind2=' ' tag='710'><subfield code='a'>Centre de Cultura Contemporània de Barcelona.</subfield></datafield><datafield ind1=' ' ind2=' ' tag='907'><subfield code='a'>.b44218163</subfield><subfield code='b'>b    </subfield><subfield code='c'>-</subfield></datafield><datafield ind1=' ' ind2=' ' tag='945'><subfield code='l'>b    </subfield><subfield code='g'>1</subfield></datafield><datafield ind1=' ' ind2=' ' tag='979'><subfield code='a'>ocn298440057</subfield></datafield><datafield ind1=' ' ind2=' ' tag='998'><subfield code='b'>0</subfield><subfield code='c'>100914</subfield><subfield code='d'>m</subfield><subfield code='e'>a</subfield><subfield code='f'>-</subfield><subfield code='g'>3</subfield></datafield><datafield ind1=' ' ind2=' ' tag='998'><subfield code='a'>09/14/10</subfield><subfield code='s'>OCLC</subfield><subfield code='c'>AB</subfield></datafield><datafield ind1=' ' ind2=' ' tag='ADM'><subfield code='b'>2018-03-15 20:49:06</subfield><subfield code='e'>b44218163-01tuli_inst</subfield><subfield code='d'>ILS</subfield><subfield code='a'>2017-06-20 08:31:28</subfield><subfield code='c'>false</subfield></datafield><datafield ind1='0' ind2=' ' tag='HLD'><subfield code='b'>BLOCKSON</subfield><subfield code='c'>rarestacks</subfield><subfield code='h'>ML141.B2</subfield><subfield code='i'>S4 2008</subfield><subfield code='8'>22283143690003811</subfield></datafield><datafield ind1=' ' ind2=' ' tag='ITM'><subfield code='r'>22283143690003811</subfield><subfield code='b'>1</subfield><subfield code='h'>0</subfield><subfield code='g'>rarestacks</subfield><subfield code='t'>BOOK</subfield><subfield code='e'>rarestacks</subfield><subfield code='8'>23283143680003811</subfield><subfield code='a'>4</subfield><subfield code='q'>2017-06-20 08:31:28</subfield><subfield code='i'>ML141.B2 S4 2008</subfield><subfield code='d'>BLOCKSON</subfield><subfield code='f'>BLOCKSON</subfield></datafield></record>