
<record xmlns='http://www.loc.gov/MARC21/slim'><leader>01030cam a2200373 a 4500</leader><controlfield tag='005'>20170825174504.0</controlfield><controlfield tag='008'>050214s2005    nyu           000 0 eng  </controlfield><controlfield tag='001'>991006332179703811</controlfield><datafield ind1=' ' ind2=' ' tag='010'><subfield code='a'>2005040841</subfield></datafield><datafield ind1=' ' ind2=' ' tag='020'><subfield code='a'>037571023X (pbk.)</subfield></datafield><datafield ind1=' ' ind2=' ' tag='035'><subfield code='a'>(PPT)b28547469-01tuli_inst</subfield></datafield><datafield ind1=' ' ind2=' ' tag='035'><subfield code='a'>(DLC)ocn490771023</subfield><subfield code='9'>ExL</subfield></datafield><datafield ind1=' ' ind2=' ' tag='035'><subfield code='a'>DLC  2005040841</subfield></datafield><datafield ind1=' ' ind2=' ' tag='035'><subfield code='a'>ocm57722526</subfield></datafield><datafield ind1=' ' ind2=' ' tag='035'><subfield code='a'>(OCLC)ocm57722526</subfield></datafield><datafield ind1=' ' ind2=' ' tag='040'><subfield code='a'>DLC</subfield><subfield code='c'>DLC</subfield><subfield code='d'>DLC</subfield></datafield><datafield ind1=' ' ind2=' ' tag='079'><subfield code='a'>ocm57722526</subfield></datafield><datafield ind1=' ' ind2=' ' tag='090'><subfield code='a'>PS3575.O798</subfield><subfield code='b'>T6 2005</subfield></datafield><datafield ind1='1' ind2=' ' tag='100'><subfield code='a'>Young, Kevin A.</subfield></datafield><datafield ind1='1' ind2='0' tag='245'><subfield code='a'>To repel ghosts :</subfield><subfield code='b'>remixed from the original masters /</subfield><subfield code='c'>Kevin Young.</subfield></datafield><datafield ind1=' ' ind2=' ' tag='250'><subfield code='a'>1st ed.</subfield></datafield><datafield ind1=' ' ind2=' ' tag='260'><subfield code='a'>New York :</subfield><subfield code='b'>Knopf,</subfield><subfield code='c'>2005.</subfield></datafield><datafield ind1=' ' ind2=' ' tag='300'><subfield code='a'>298 p. ;</subfield><subfield code='c'>23 cm.</subfield></datafield><datafield ind1='1' ind2='0' tag='600'><subfield code='a'>Basquiat, Jean Michel</subfield><subfield code='v'>Poetry.</subfield></datafield><datafield ind1=' ' ind2='0' tag='650'><subfield code='a'>Artists</subfield><subfield code='v'>Poetry.</subfield></datafield><datafield ind1=' ' ind2=' ' tag='901'><subfield code='a'>BNA</subfield></datafield><datafield ind1=' ' ind2=' ' tag='901'><subfield code='a'>R9530274</subfield></datafield><datafield ind1=' ' ind2=' ' tag='902'><subfield code='a'>161117</subfield></datafield><datafield ind1=' ' ind2=' ' tag='902'><subfield code='a'>051027AB0701</subfield></datafield><datafield ind1=' ' ind2=' ' tag='907'><subfield code='a'>.b28547469</subfield><subfield code='b'>p    </subfield><subfield code='c'>-</subfield></datafield><datafield ind1=' ' ind2=' ' tag='945'><subfield code='l'>pstk </subfield><subfield code='g'>1</subfield></datafield><datafield ind1=' ' ind2=' ' tag='979'><subfield code='a'>ocm57722526</subfield></datafield><datafield ind1=' ' ind2=' ' tag='998'><subfield code='b'>0</subfield><subfield code='c'>060103</subfield><subfield code='d'>m</subfield><subfield code='e'>a</subfield><subfield code='f'>-</subfield><subfield code='g'>0</subfield></datafield><datafield ind1=' ' ind2=' ' tag='998'><subfield code='b'>0</subfield><subfield code='c'>060103</subfield><subfield code='d'>m</subfield><subfield code='e'>a</subfield><subfield code='f'>-</subfield><subfield code='g'>0</subfield></datafield><datafield ind1=' ' ind2=' ' tag='ADM'><subfield code='b'>2017-08-25 21:45:04</subfield><subfield code='e'>b28547469-01tuli_inst</subfield><subfield code='d'>ILS</subfield><subfield code='a'>2017-06-20 14:44:13</subfield><subfield code='c'>false</subfield></datafield><datafield ind1='0' ind2=' ' tag='HLD'><subfield code='b'>MAIN</subfield><subfield code='c'>stacks</subfield><subfield code='h'>PS3575.O798</subfield><subfield code='i'>T6 2005</subfield><subfield code='8'>22333674300003811</subfield></datafield><datafield ind1=' ' ind2=' ' tag='ITM'><subfield code='r'>22333674300003811</subfield><subfield code='b'>1</subfield><subfield code='h'>0</subfield><subfield code='g'>stacks</subfield><subfield code='t'>BOOK</subfield><subfield code='9'>39074017622549</subfield><subfield code='e'>stacks</subfield><subfield code='8'>23333674290003811</subfield><subfield code='a'>0</subfield><subfield code='q'>2017-06-20 14:44:13</subfield><subfield code='i'>PS3575.O798 T6 2005</subfield><subfield code='d'>MAIN</subfield><subfield code='f'>MAIN</subfield></datafield></record>