
<record xmlns='http://www.loc.gov/MARC21/slim'><leader>00988cam a2200337 a 4500</leader><controlfield tag='005'>20180315125156.0</controlfield><controlfield tag='008'>001121s2001    maua          000 0 eng  </controlfield><controlfield tag='001'>991032956689703811</controlfield><datafield ind1=' ' ind2=' ' tag='010'><subfield code='a'>00067311</subfield></datafield><datafield ind1=' ' ind2=' ' tag='020'><subfield code='a'>1581950330</subfield></datafield><datafield ind1=' ' ind2=' ' tag='035'><subfield code='a'>(PPT)b25954623-01tuli_inst</subfield></datafield><datafield ind1=' ' ind2=' ' tag='035'><subfield code='a'>(CStRLIN)ocn489439386</subfield><subfield code='9'>ExL</subfield></datafield><datafield ind1=' ' ind2=' ' tag='035'><subfield code='a'>PPTb25954623</subfield></datafield><datafield ind1=' ' ind2=' ' tag='035'><subfield code='a'>ocm45466205</subfield></datafield><datafield ind1=' ' ind2=' ' tag='035'><subfield code='a'>(OCLC)ocm45466205</subfield></datafield><datafield ind1=' ' ind2=' ' tag='040'><subfield code='a'>DLC</subfield><subfield code='c'>DLC</subfield><subfield code='d'>PPT</subfield></datafield><datafield ind1=' ' ind2=' ' tag='079'><subfield code='a'>ocm45466205</subfield></datafield><datafield ind1=' ' ind2=' ' tag='090'><subfield code='a'>PS3575.O798</subfield><subfield code='b'>T6 2001</subfield></datafield><datafield ind1='1' ind2=' ' tag='100'><subfield code='a'>Young, Kevin A.</subfield></datafield><datafield ind1='1' ind2='0' tag='245'><subfield code='a'>To repel ghosts :</subfield><subfield code='b'>five sides in B minor /</subfield><subfield code='c'>Kevin Young.</subfield></datafield><datafield ind1=' ' ind2=' ' tag='250'><subfield code='a'>1st ed.</subfield></datafield><datafield ind1=' ' ind2=' ' tag='260'><subfield code='a'>Cambridge, Mass. :</subfield><subfield code='b'>Zoland Books,</subfield><subfield code='c'>2001.</subfield></datafield><datafield ind1=' ' ind2=' ' tag='300'><subfield code='a'>xiii, 350 p. :</subfield><subfield code='b'>ill. ;</subfield><subfield code='c'>24 cm.</subfield></datafield><datafield ind1='1' ind2='0' tag='600'><subfield code='a'>Basquiat, Jean Michel</subfield><subfield code='v'>Poetry.</subfield></datafield><datafield ind1=' ' ind2='0' tag='650'><subfield code='a'>Artists</subfield><subfield code='v'>Poetry.</subfield></datafield><datafield ind1=' ' ind2=' ' tag='907'><subfield code='a'>.b25954623</subfield><subfield code='b'>p    </subfield><subfield code='c'>-</subfield></datafield><datafield ind1=' ' ind2=' ' tag='945'><subfield code='l'>pstk </subfield><subfield code='g'>1</subfield></datafield><datafield ind1=' ' ind2=' ' tag='952'><subfield code='a'>DCLC0067311B</subfield><subfield code='b'>Library of Congress</subfield></datafield><datafield ind1=' ' ind2=' ' tag='979'><subfield code='a'>ocm45466205</subfield></datafield><datafield ind1=' ' ind2=' ' tag='998'><subfield code='b'>1</subfield><subfield code='c'>030327</subfield><subfield code='d'>m</subfield><subfield code='e'>a</subfield><subfield code='f'>-</subfield><subfield code='g'>0</subfield></datafield><datafield ind1=' ' ind2=' ' tag='998'><subfield code='a'>03/27/03</subfield><subfield code='s'>CIP</subfield><subfield code='c'>AT</subfield></datafield><datafield ind1=' ' ind2=' ' tag='ADM'><subfield code='b'>2018-03-15 16:51:56</subfield><subfield code='e'>b25954623-01tuli_inst</subfield><subfield code='d'>ILS</subfield><subfield code='a'>2017-06-20 07:14:40</subfield><subfield code='c'>false</subfield></datafield><datafield ind1='0' ind2=' ' tag='HLD'><subfield code='b'>MAIN</subfield><subfield code='c'>stacks</subfield><subfield code='h'>PS3575.O798</subfield><subfield code='i'>T6 2001</subfield><subfield code='8'>22263241150003811</subfield></datafield><datafield ind1=' ' ind2=' ' tag='ITM'><subfield code='r'>22263241150003811</subfield><subfield code='b'>0</subfield><subfield code='u'>LOST_LOAN</subfield><subfield code='h'>0</subfield><subfield code='g'>stacks</subfield><subfield code='t'>BOOK</subfield><subfield code='9'>39074015584527</subfield><subfield code='e'>stacks</subfield><subfield code='8'>23263241140003811</subfield><subfield code='a'>0</subfield><subfield code='q'>2017-06-20 07:14:40</subfield><subfield code='i'>PS3575.O798 T6 2001</subfield><subfield code='d'>MAIN</subfield><subfield code='f'>MAIN</subfield></datafield></record>