
<record xmlns='http://www.loc.gov/MARC21/slim'><leader>02076cam a2200445Ii 4500</leader><controlfield tag='005'>20170826005318.0</controlfield><controlfield tag='008'>150203s2015    njua          000 0 eng d</controlfield><controlfield tag='001'>991010991979703811</controlfield><datafield ind1=' ' ind2=' ' tag='020'><subfield code='a'>9780691167893</subfield><subfield code='q'>(hardcover :</subfield><subfield code='q'>acid-free paper)</subfield></datafield><datafield ind1=' ' ind2=' ' tag='020'><subfield code='a'>0691167893</subfield><subfield code='q'>(hardcover :</subfield><subfield code='q'>acid-free paper)</subfield></datafield><datafield ind1=' ' ind2=' ' tag='035'><subfield code='a'>(PPT)b58162987-01tuli_inst</subfield></datafield><datafield ind1=' ' ind2=' ' tag='035'><subfield code='a'>(OCoLC)ocn919111033</subfield><subfield code='9'>ExL</subfield></datafield><datafield ind1=' ' ind2=' ' tag='035'><subfield code='a'>(OCoLC)902703000</subfield><subfield code='z'>(OCoLC)907095254</subfield></datafield><datafield ind1=' ' ind2=' ' tag='035'><subfield code='a'>ocn902703000</subfield></datafield><datafield ind1=' ' ind2=' ' tag='035'><subfield code='a'>(OCLC)ocn902703000</subfield></datafield><datafield ind1=' ' ind2=' ' tag='040'><subfield code='a'>YDXCP</subfield><subfield code='b'>eng</subfield><subfield code='c'>YDXCP</subfield><subfield code='d'>OCLCQ</subfield><subfield code='d'>BTCTA</subfield><subfield code='d'>BDX</subfield><subfield code='d'>IG$</subfield><subfield code='d'>ERASA</subfield><subfield code='d'>OCLCF</subfield><subfield code='d'>COO</subfield></datafield><datafield ind1=' ' ind2=' ' tag='079'><subfield code='a'>ocn902703000</subfield></datafield><datafield ind1=' ' ind2=' ' tag='090'><subfield code='a'>NC139.B37</subfield><subfield code='b'>A4 2015</subfield></datafield><datafield ind1='1' ind2=' ' tag='100'><subfield code='a'>Basquiat, Jean-Michel,</subfield><subfield code='d'>1960-1988,</subfield><subfield code='e'>artist.</subfield></datafield><datafield ind1='1' ind2='4' tag='245'><subfield code='a'>The notebooks /</subfield><subfield code='c'>Jean-Michel Basquiat ; edited by Larry Warsh.</subfield></datafield><datafield ind1=' ' ind2='1' tag='264'><subfield code='a'>Princeton ;</subfield><subfield code='a'>Oxford :</subfield><subfield code='b'>Princeton University Press,</subfield><subfield code='c'>[2015]</subfield></datafield><datafield ind1=' ' ind2=' ' tag='300'><subfield code='a'>1 volume (unpaged) :</subfield><subfield code='b'>illustrations ;</subfield><subfield code='c'>25 cm</subfield></datafield><datafield ind1=' ' ind2=' ' tag='336'><subfield code='a'>text</subfield><subfield code='b'>txt</subfield><subfield code='2'>rdacontent</subfield></datafield><datafield ind1=' ' ind2=' ' tag='336'><subfield code='a'>still image</subfield><subfield code='2'>rdacontent</subfield></datafield><datafield ind1=' ' ind2=' ' tag='337'><subfield code='a'>unmediated</subfield><subfield code='b'>n</subfield><subfield code='2'>rdamedia</subfield></datafield><datafield ind1=' ' ind2=' ' tag='338'><subfield code='a'>volume</subfield><subfield code='2'>rdacarrier</subfield></datafield><datafield ind1=' ' ind2=' ' tag='500'><subfield code='a'>Printed in the style of a school composition book.</subfield></datafield><datafield ind1=' ' ind2=' ' tag='520'><subfield code='a'>This carefully reproduced facsimile edition of renowned visual artist Basquiat&apos;s eight notebooks provides us a glimpse into the mind of a visionary artist. On nearly every page, readers will ponder over why and how Basquiat chose to string together these specific words and often bizarre phrases. The notebooks function as a sort of incubator for Basquiat&apos;s artistic process as well as a finished product in their own right.</subfield></datafield><datafield ind1='1' ind2='0' tag='600'><subfield code='a'>Basquiat, Jean-Michel,</subfield><subfield code='d'>1960-1988</subfield><subfield code='x'>Notebooks, sketchbooks, etc.</subfield></datafield><datafield ind1=' ' ind2='0' tag='650'><subfield code='a'>Words in art.</subfield></datafield><datafield ind1='1' ind2='7' tag='600'><subfield code='a'>Basquiat, Jean-Michel,</subfield><subfield code='d'>1960-1988.</subfield><subfield code='2'>fast</subfield><subfield code='0'>(OCoLC)fst01718119</subfield></datafield><datafield ind1=' ' ind2='7' tag='650'><subfield code='a'>Words in art.</subfield><subfield code='2'>fast</subfield><subfield code='0'>(OCoLC)fst01180181</subfield></datafield><datafield ind1=' ' ind2='7' tag='655'><subfield code='a'>Notebooks, sketchbooks, etc.</subfield><subfield code='2'>fast</subfield><subfield code='0'>(OCoLC)fst01423820</subfield></datafield><datafield ind1='1' ind2=' ' tag='700'><subfield code='a'>Warsh, Larry,</subfield><subfield code='e'>editor.</subfield></datafield><datafield ind1=' ' ind2=' ' tag='902'><subfield code='a'>161220</subfield></datafield><datafield ind1=' ' ind2=' ' tag='907'><subfield code='a'>.b58162987</subfield><subfield code='b'>p    </subfield><subfield code='c'>-</subfield></datafield><datafield ind1=' ' ind2=' ' tag='945'><subfield code='l'>pstk </subfield><subfield code='g'>1</subfield></datafield><datafield ind1=' ' ind2=' ' tag='979'><subfield code='a'>ocn902703000</subfield></datafield><datafield ind1=' ' ind2=' ' tag='998'><subfield code='b'>1</subfield><subfield code='c'>150804</subfield><subfield code='d'>m</subfield><subfield code='e'>a</subfield><subfield code='f'>-</subfield><subfield code='g'>4</subfield></datafield><datafield ind1=' ' ind2=' ' tag='998'><subfield code='a'>08/04/15</subfield><subfield code='s'>OCLC</subfield><subfield code='c'>AT</subfield></datafield><datafield ind1='0' ind2=' ' tag='HLD'><subfield code='b'>MAIN</subfield><subfield code='c'>stacks</subfield><subfield code='h'>NC139.B37</subfield><subfield code='i'>A4 2015</subfield><subfield code='8'>22282183210003811</subfield></datafield><datafield ind1=' ' ind2=' ' tag='ITM'><subfield code='b'>0</subfield><subfield code='h'>0</subfield><subfield code='g'>stacks</subfield><subfield code='9'>39074028803963</subfield><subfield code='e'>stacks</subfield><subfield code='8'>23282183200003811</subfield><subfield code='a'>0</subfield><subfield code='q'>2017-06-20 08:27:11</subfield><subfield code='i'>NC139.B37 A4 2015</subfield><subfield code='d'>MAIN</subfield><subfield code='r'>2018-05-30 00:20:45</subfield><subfield code='f'>MAIN</subfield></datafield></record>