
<record xmlns='http://www.loc.gov/MARC21/slim'><leader>03147cgm a2200589 a 4500</leader><controlfield tag='005'>20170825230553.0</controlfield><controlfield tag='007'>vd cvaizq</controlfield><controlfield tag='008'>021031p20021981nyu072            vleng d</controlfield><controlfield tag='001'>991000524319703811</controlfield><datafield ind1='1' ind2=' ' tag='024'><subfield code='a'>795975102537</subfield></datafield><datafield ind1='4' ind2='2' tag='028'><subfield code='a'>Z1025</subfield><subfield code='b'>Zeitgeist Video</subfield></datafield><datafield ind1=' ' ind2=' ' tag='035'><subfield code='a'>(PPT)b55240215-01tuli_inst</subfield></datafield><datafield ind1=' ' ind2=' ' tag='035'><subfield code='a'>(OCoLC)ocn867609127</subfield><subfield code='9'>ExL</subfield></datafield><datafield ind1=' ' ind2=' ' tag='035'><subfield code='a'>(OCoLC)50910243</subfield><subfield code='z'>(OCoLC)50778729</subfield><subfield code='z'>(OCoLC)299598843</subfield><subfield code='z'>(OCoLC)707608753</subfield></datafield><datafield ind1=' ' ind2=' ' tag='035'><subfield code='a'>ocm50910243</subfield></datafield><datafield ind1=' ' ind2=' ' tag='035'><subfield code='a'>(OCLC)ocm50910243</subfield></datafield><datafield ind1=' ' ind2=' ' tag='040'><subfield code='a'>GSE</subfield><subfield code='b'>eng</subfield><subfield code='c'>GSE</subfield><subfield code='d'>OCLCQ</subfield><subfield code='d'>WAU</subfield><subfield code='d'>OCLCQ</subfield><subfield code='d'>WCM</subfield><subfield code='d'>VP@</subfield><subfield code='d'>BTCTA</subfield><subfield code='d'>OCLCA</subfield><subfield code='d'>OCLCQ</subfield><subfield code='d'>MTG</subfield><subfield code='d'>YUS</subfield><subfield code='d'>YDXCP</subfield><subfield code='d'>OCLCA</subfield><subfield code='d'>ZWZ</subfield><subfield code='d'>OCLCQ</subfield><subfield code='d'>WAU</subfield><subfield code='d'>OCLCO</subfield><subfield code='d'>PPT</subfield></datafield><datafield ind1=' ' ind2=' ' tag='043'><subfield code='a'>n-us-ny</subfield></datafield><datafield ind1=' ' ind2='4' tag='050'><subfield code='a'>PN1997</subfield><subfield code='b'>.D675 2002</subfield></datafield><datafield ind1=' ' ind2=' ' tag='079'><subfield code='a'>ocm50910243</subfield></datafield><datafield ind1=' ' ind2=' ' tag='099'><subfield code='a'>DVD 13 843</subfield></datafield><datafield ind1='0' ind2='0' tag='245'><subfield code='a'>Downtown 81</subfield><subfield code='h'>[videorecording] /</subfield><subfield code='c'>New York Beat Films presents ; produced by Maripol ; directed by Edo Bertoglio ; written by Glenn O&apos;Brien.</subfield></datafield><datafield ind1='3' ind2=' ' tag='246'><subfield code='a'>Downtown eighty-one</subfield></datafield><datafield ind1=' ' ind2=' ' tag='260'><subfield code='a'>New York :</subfield><subfield code='b'>Zeitgeist Video,</subfield><subfield code='c'>p2002, c1981.</subfield></datafield><datafield ind1=' ' ind2=' ' tag='300'><subfield code='a'>1 videodisc (72 min.) :</subfield><subfield code='b'>sd., col. ;</subfield><subfield code='c'>4 3/4 in.</subfield></datafield><datafield ind1=' ' ind2=' ' tag='538'><subfield code='a'>DVD.</subfield></datafield><datafield ind1='0' ind2=' ' tag='511'><subfield code='a'>Jean-Michel Basquiat, Deborah Harry, Kid Creole, Tuxedomoon, James White, Saul Williams, Walter Steding, Anna Schroeder, John Lurie, DNA, The Plastics.</subfield></datafield><datafield ind1=' ' ind2=' ' tag='508'><subfield code='a'>Cinematography, John McNulty; editor, Pamela French.</subfield></datafield><datafield ind1=' ' ind2=' ' tag='500'><subfield code='a'>Videodisc release of the 1981 motion picture.</subfield></datafield><datafield ind1=' ' ind2=' ' tag='500'><subfield code='a'>Special features include commentary by screenwriter and producer, outtakes, Basquiat on &quot;TV Party&quot;, interview with filmm-akers, photo gallery, biographies and interactive location map.</subfield></datafield><datafield ind1=' ' ind2=' ' tag='520'><subfield code='a'>Fashion-photographer Bertoglio&apos;s portrait of the New York art scene circa 1981. The main focus is the provocative 19-year-old artist Jean-Michel Basquiat, already known for his excursions into street graffiti art and pioneering electro-beat. Shot as &quot;New York Beat&quot; in 1980-81 but completed for release nearly 20 years later when archival footage thought to have been lost was recovered. Many of the film&apos;s original sound elements were lost during the 20 years it spent in limbo, so much of the dialogue has been re-dubbed.</subfield></datafield><datafield ind1='0' ind2=' ' tag='505'><subfield code='a'>Special features : Optional audio commentary by screenwriter Glenn O&apos;Brien and producer Maripol -- Outtakes -- Basquiat on &quot;TV Party&quot; -- Afterthought (An interview with the filmmakers created by The Sundance Channel in 2002) -- Photo gallery -- Cast and band bios -- Filmmaker bios -- Location map.</subfield></datafield><datafield ind1='1' ind2='0' tag='600'><subfield code='a'>Basquiat, Jean-Michel,</subfield><subfield code='d'>1960-1988</subfield><subfield code='v'>Drama.</subfield></datafield><datafield ind1=' ' ind2='0' tag='650'><subfield code='a'>Art, Modern</subfield><subfield code='y'>20th century</subfield><subfield code='v'>Drama.</subfield></datafield><datafield ind1=' ' ind2='0' tag='650'><subfield code='a'>Musicians</subfield><subfield code='z'>New York (State)</subfield><subfield code='z'>New York</subfield><subfield code='v'>Drama.</subfield></datafield><datafield ind1=' ' ind2='0' tag='651'><subfield code='a'>New York (N.Y.)</subfield><subfield code='v'>Drama.</subfield></datafield><datafield ind1=' ' ind2='0' tag='650'><subfield code='a'>Experimental films.</subfield></datafield><datafield ind1=' ' ind2='7' tag='655'><subfield code='a'>Feature films.</subfield><subfield code='2'>lcgft</subfield></datafield><datafield ind1='1' ind2=' ' tag='700'><subfield code='a'>Bertoglio, Edo.</subfield></datafield><datafield ind1='0' ind2=' ' tag='700'><subfield code='a'>Maripol.</subfield></datafield><datafield ind1='1' ind2=' ' tag='700'><subfield code='a'>O&apos;Brien, Glenn.</subfield></datafield><datafield ind1='1' ind2=' ' tag='700'><subfield code='a'>Basquiat, Jean-Michel,</subfield><subfield code='d'>1960-1988.</subfield></datafield><datafield ind1='1' ind2=' ' tag='700'><subfield code='a'>Williams, Saul.</subfield></datafield><datafield ind1='1' ind2=' ' tag='700'><subfield code='a'>Lurie, John,</subfield><subfield code='d'>1952-</subfield></datafield><datafield ind1='2' ind2=' ' tag='710'><subfield code='a'>New York Beat Films.</subfield></datafield><datafield ind1='2' ind2=' ' tag='710'><subfield code='a'>Zeitgeist Films.</subfield></datafield><datafield ind1=' ' ind2=' ' tag='902'><subfield code='a'>161128</subfield></datafield><datafield ind1=' ' ind2=' ' tag='907'><subfield code='a'>.b55240215</subfield><subfield code='b'>pmed </subfield><subfield code='c'>g</subfield></datafield><datafield ind1=' ' ind2=' ' tag='945'><subfield code='l'>pmed </subfield><subfield code='g'>1</subfield></datafield><datafield ind1=' ' ind2=' ' tag='979'><subfield code='a'>ocm50910243</subfield></datafield><datafield ind1=' ' ind2=' ' tag='998'><subfield code='b'>0</subfield><subfield code='c'>131211</subfield><subfield code='d'>m</subfield><subfield code='e'>g</subfield><subfield code='f'>g</subfield><subfield code='g'>0</subfield></datafield><datafield ind1=' ' ind2=' ' tag='998'><subfield code='a'>12/11/13</subfield><subfield code='s'>OCLC</subfield><subfield code='c'>RM</subfield></datafield><datafield ind1=' ' ind2=' ' tag='ADM'><subfield code='b'>2017-08-26 03:05:53</subfield><subfield code='e'>b55240215-01tuli_inst</subfield><subfield code='d'>ILS</subfield><subfield code='a'>2017-06-20 11:00:40</subfield><subfield code='c'>false</subfield></datafield><datafield ind1='8' ind2=' ' tag='HLD'><subfield code='b'>MEDIA</subfield><subfield code='c'>media</subfield><subfield code='h'>DVD 13 843</subfield><subfield code='8'>22308168250003811</subfield></datafield><datafield ind1=' ' ind2=' ' tag='ITM'><subfield code='r'>22308168250003811</subfield><subfield code='b'>1</subfield><subfield code='h'>8</subfield><subfield code='g'>media</subfield><subfield code='t'>DVD</subfield><subfield code='9'>39074028480317</subfield><subfield code='e'>media</subfield><subfield code='8'>23308168240003811</subfield><subfield code='a'>5</subfield><subfield code='q'>2017-06-20 11:00:40</subfield><subfield code='i'>DVD 13 843</subfield><subfield code='d'>MEDIA</subfield><subfield code='f'>MEDIA</subfield></datafield></record>