
<record xmlns='http://www.loc.gov/MARC21/slim'><leader>03505cam a2200565 i 4500</leader><controlfield tag='005'>20180322145803.0</controlfield><controlfield tag='008'>131213s2014    nyua     b    001 0 eng  </controlfield><controlfield tag='001'>991004077179703811</controlfield><datafield ind1=' ' ind2=' ' tag='010'><subfield code='a'>2013049439</subfield></datafield><datafield ind1=' ' ind2=' ' tag='020'><subfield code='a'>9781623560324 (hardback)</subfield></datafield><datafield ind1=' ' ind2=' ' tag='020'><subfield code='a'>1623560322 (hardback)</subfield></datafield><datafield ind1=' ' ind2=' ' tag='035'><subfield code='a'>(PPT)b56426161-01tuli_inst</subfield></datafield><datafield ind1=' ' ind2=' ' tag='035'><subfield code='a'>(OCoLC)ocn890268779</subfield><subfield code='9'>ExL</subfield></datafield><datafield ind1=' ' ind2=' ' tag='035'><subfield code='a'>(OCoLC)865543987</subfield></datafield><datafield ind1=' ' ind2=' ' tag='035'><subfield code='a'>ocn865543987</subfield></datafield><datafield ind1=' ' ind2=' ' tag='035'><subfield code='a'>(OCLC)ocn865543987</subfield></datafield><datafield ind1=' ' ind2=' ' tag='040'><subfield code='a'>DLC</subfield><subfield code='e'>rda</subfield><subfield code='b'>eng</subfield><subfield code='c'>DLC</subfield><subfield code='d'>YDX</subfield><subfield code='d'>OCLCO</subfield><subfield code='d'>BDX</subfield><subfield code='d'>YDXCP</subfield><subfield code='d'>UKMGB</subfield><subfield code='d'>COO</subfield><subfield code='d'>SHH</subfield><subfield code='d'>OCLCO</subfield></datafield><datafield ind1='1' ind2=' ' tag='041'><subfield code='a'>eng</subfield><subfield code='h'>ger</subfield></datafield><datafield ind1=' ' ind2=' ' tag='042'><subfield code='a'>pcc</subfield></datafield><datafield ind1=' ' ind2=' ' tag='043'><subfield code='a'>n-us---</subfield></datafield><datafield ind1=' ' ind2=' ' tag='079'><subfield code='a'>ocn865543987</subfield></datafield><datafield ind1=' ' ind2=' ' tag='090'><subfield code='a'>PN1995.9.A76</subfield><subfield code='b'>P7613 2014</subfield></datafield><datafield ind1='1' ind2=' ' tag='100'><subfield code='a'>Berger, Doris,</subfield><subfield code='d'>1972-</subfield><subfield code='e'>author.</subfield></datafield><datafield ind1='0' ind2='0' tag='240'><subfield code='a'>Projizierte Kunstgeschichte.</subfield><subfield code='l'>English</subfield></datafield><datafield ind1='1' ind2='0' tag='245'><subfield code='a'>Projected art history :</subfield><subfield code='b'>biopics, celebrity culture, and the popularizing of American art /</subfield><subfield code='c'>Doris Berger.</subfield></datafield><datafield ind1=' ' ind2='1' tag='264'><subfield code='a'>New York :</subfield><subfield code='b'>Bloomsbury Academic,</subfield><subfield code='c'>2014.</subfield></datafield><datafield ind1=' ' ind2=' ' tag='300'><subfield code='a'>xiii, 350 pages ;</subfield><subfield code='c'>23 cm.</subfield></datafield><datafield ind1=' ' ind2=' ' tag='336'><subfield code='a'>text</subfield><subfield code='2'>rdacontent</subfield></datafield><datafield ind1=' ' ind2=' ' tag='337'><subfield code='a'>unmediated</subfield><subfield code='2'>rdamedia</subfield></datafield><datafield ind1=' ' ind2=' ' tag='338'><subfield code='a'>volume</subfield><subfield code='2'>rdacarrier</subfield></datafield><datafield ind1='1' ind2=' ' tag='490'><subfield code='a'>International texts in critical media aesthetics</subfield></datafield><datafield ind1=' ' ind2=' ' tag='500'><subfield code='a'>Original title: Projizierte Kunstgeschichte : Mythen und Images in den Filmbiografien über Jackson Pollock and Jean-Michel Basquiat. Bielefeld : Transcript, 2009.</subfield></datafield><datafield ind1=' ' ind2=' ' tag='504'><subfield code='a'>Includes bibliographical references and index.</subfield></datafield><datafield ind1='0' ind2=' ' tag='505'><subfield code='a'>Chapter 1. Artist&apos;s Biographies in Film as Popular Art History -- Chapter 2. Pollock: A Popular Historiography -- Chapter 3. Basquiat and Celebrity Culture -- Chapter 4. Hollywood&apos;s Art Histories: a web of Artist Myths and Star Legends.</subfield></datafield><datafield ind1=' ' ind2=' ' tag='520'><subfield code='a'>&quot;Biopics on artists have an enormous effect on the popular understanding of what it means to be an artist. Projected Art History highlights the narrative structure and images created in the film genre of biopics, in which the artist&apos;s life is being dramatized and embodied by an actor. Doris Berger bridges a gap between art history, film studies and popular culture by investigating how the film genre of biopics adapts written biographies and projects art history for a mass audience. Berger offers an analytical approach by concentrating on the two case studies Basquiat (1996) and Pollock (2000), but also looks at larger issues at play, such as how postwar American art history is being mediated in a popular format such as the biopic. This is the first book to identify the functionality of the biopic film genre and showcase its implication for a popular art history that is projected on the big screen&quot;--</subfield><subfield code='c'>Provided by publisher.</subfield></datafield><datafield ind1=' ' ind2=' ' tag='520'><subfield code='a'>&quot;Examines the biopics of two artists in order to represent and project a form of art history for a mass audience&quot;--</subfield><subfield code='c'>Provided by publisher.</subfield></datafield><datafield ind1='0' ind2='0' tag='630'><subfield code='a'>Basquiat (Motion picture)</subfield></datafield><datafield ind1='0' ind2='0' tag='630'><subfield code='a'>Pollock (Motion picture)</subfield></datafield><datafield ind1=' ' ind2='0' tag='650'><subfield code='a'>Artists in motion pictures.</subfield></datafield><datafield ind1=' ' ind2='0' tag='650'><subfield code='a'>Biographical films</subfield><subfield code='z'>United States</subfield><subfield code='x'>History and criticism.</subfield></datafield><datafield ind1=' ' ind2='0' tag='650'><subfield code='a'>Art and popular culture</subfield><subfield code='z'>United States.</subfield></datafield><datafield ind1=' ' ind2='0' tag='650'><subfield code='a'>Art, American</subfield><subfield code='y'>20th century</subfield><subfield code='x'>Public opinion.</subfield></datafield><datafield ind1='1' ind2=' ' tag='700'><subfield code='i'>Translation of:</subfield><subfield code='a'>Berger, Doris,</subfield><subfield code='d'>1972-</subfield><subfield code='t'>Projizierte Kunstgeschichte.</subfield></datafield><datafield ind1=' ' ind2='0' tag='830'><subfield code='a'>International texts in critical media aesthetics.</subfield></datafield><datafield ind1='4' ind2='2' tag='856'><subfield code='3'>Cover image</subfield><subfield code='u'>http://www.netread.com/jcusers2/bk1388/324/9781623560324/image/lgcover.9781623560324.jpg</subfield></datafield><datafield ind1=' ' ind2=' ' tag='907'><subfield code='a'>.b56426161</subfield><subfield code='b'>p    </subfield><subfield code='c'>-</subfield></datafield><datafield ind1=' ' ind2=' ' tag='945'><subfield code='l'>pstk </subfield><subfield code='g'>1</subfield></datafield><datafield ind1=' ' ind2=' ' tag='979'><subfield code='a'>ocn865543987</subfield></datafield><datafield ind1=' ' ind2=' ' tag='998'><subfield code='b'>1</subfield><subfield code='c'>140829</subfield><subfield code='d'>m</subfield><subfield code='e'>a</subfield><subfield code='f'>-</subfield><subfield code='g'>0</subfield></datafield><datafield ind1=' ' ind2=' ' tag='998'><subfield code='b'>1</subfield><subfield code='c'>140829</subfield><subfield code='d'>m</subfield><subfield code='e'>a</subfield><subfield code='f'>-</subfield><subfield code='g'>0</subfield></datafield><datafield ind1=' ' ind2=' ' tag='ADM'><subfield code='b'>2018-03-22 18:58:03</subfield><subfield code='e'>b56426161-01tuli_inst</subfield><subfield code='d'>ILS</subfield><subfield code='a'>2017-06-20 11:43:32</subfield><subfield code='c'>false</subfield></datafield><datafield ind1='0' ind2=' ' tag='HLD'><subfield code='b'>MAIN</subfield><subfield code='c'>stacks</subfield><subfield code='h'>PN1995.9.A76</subfield><subfield code='i'>P7613 2014</subfield><subfield code='8'>22313293840003811</subfield></datafield><datafield ind1=' ' ind2=' ' tag='ITM'><subfield code='r'>22313293840003811</subfield><subfield code='b'>1</subfield><subfield code='h'>0</subfield><subfield code='g'>stacks</subfield><subfield code='t'>BOOK</subfield><subfield code='9'>39074028678456</subfield><subfield code='e'>stacks</subfield><subfield code='8'>23313293830003811</subfield><subfield code='a'>0</subfield><subfield code='q'>2017-06-20 11:43:32</subfield><subfield code='i'>PN1995.9.A76 P7613 2014</subfield><subfield code='d'>MAIN</subfield><subfield code='f'>MAIN</subfield></datafield></record>