
<record xmlns='http://www.loc.gov/MARC21/slim'><leader>02168cam a2200493Ia 4500</leader><controlfield tag='005'>20170825225415.0</controlfield><controlfield tag='008'>090402s2009    cau           000 0 eng d</controlfield><controlfield tag='001'>991034864669703811</controlfield><datafield ind1=' ' ind2=' ' tag='020'><subfield code='a'>9780982119501</subfield></datafield><datafield ind1=' ' ind2=' ' tag='020'><subfield code='a'>098211950X</subfield></datafield><datafield ind1=' ' ind2=' ' tag='035'><subfield code='a'>(PPT)b40883383-01tuli_inst</subfield></datafield><datafield ind1=' ' ind2=' ' tag='035'><subfield code='a'>(OCoLC)ocn492925435</subfield><subfield code='9'>ExL</subfield></datafield><datafield ind1=' ' ind2=' ' tag='035'><subfield code='a'>(OCoLC)317632033</subfield></datafield><datafield ind1=' ' ind2=' ' tag='035'><subfield code='a'>ocn490184317</subfield></datafield><datafield ind1=' ' ind2=' ' tag='035'><subfield code='a'>(OCLC)ocn490184317</subfield></datafield><datafield ind1=' ' ind2=' ' tag='040'><subfield code='a'>EKI</subfield><subfield code='c'>EKI</subfield><subfield code='d'>OCL</subfield><subfield code='d'>BTCTA</subfield><subfield code='d'>YDXCP</subfield><subfield code='d'>BWX</subfield><subfield code='d'>PPT</subfield></datafield><datafield ind1='0' ind2=' ' tag='041'><subfield code='a'>engund</subfield></datafield><datafield ind1=' ' ind2=' ' tag='079'><subfield code='a'>ocn490184317</subfield></datafield><datafield ind1=' ' ind2=' ' tag='090'><subfield code='a'>N5220.R836</subfield><subfield code='b'>C64 2009</subfield></datafield><datafield ind1='1' ind2=' ' tag='100'><subfield code='a'>Coetzee, Mark.</subfield></datafield><datafield ind1='1' ind2='0' tag='245'><subfield code='a'>Against all odds :</subfield><subfield code='b'>Keith Haring in the Rubell family collection /</subfield><subfield code='c'>Mark Coetzee, author and curator = A pesar detodo:  Keith Haring en la colleccion de la familia Rubell / Mark Coetzee, autor y curador.</subfield></datafield><datafield ind1='3' ind2=' ' tag='246'><subfield code='a'>Keith Haring in the Rubell family collection = Keith Haring en la colleccion de la familia Rubell.</subfield></datafield><datafield ind1=' ' ind2=' ' tag='260'><subfield code='a'>Miami, FL :</subfield><subfield code='b'>Rubell Family Collection ;</subfield><subfield code='a'>Palm Springs. CA :</subfield><subfield code='b'>Palm Springs Art  Museum,</subfield><subfield code='c'>2009.</subfield></datafield><datafield ind1=' ' ind2=' ' tag='300'><subfield code='a'>287 p.</subfield><subfield code='b'>col. ill. ;</subfield><subfield code='c'>31 cm.</subfield></datafield><datafield ind1=' ' ind2=' ' tag='500'><subfield code='a'>Published in conjuction with the exhibition &quot;Against all odds:  Keith Haring in the Rubell Family collection&quot; presented at Palm Springs Art Museum November 8, 2008 - January 18, 2009.</subfield></datafield><datafield ind1=' ' ind2=' ' tag='500'><subfield code='a'>Additional artists represented in the exhibition :  Jean-Michel Basquiat, Francesco Clemente, George Condo, Tseng Kwong Chi, Andy Warhol.</subfield></datafield><datafield ind1=' ' ind2=' ' tag='504'><subfield code='a'>Includes artists&apos; biographies.</subfield></datafield><datafield ind1=' ' ind2='0' tag='650'><subfield code='a'>Pop art.</subfield></datafield><datafield ind1=' ' ind2='0' tag='650'><subfield code='a'>Popular culture.</subfield></datafield><datafield ind1=' ' ind2='0' tag='650'><subfield code='a'>Arts and society</subfield><subfield code='x'>History</subfield><subfield code='y'>20th century.</subfield></datafield><datafield ind1='1' ind2='0' tag='600'><subfield code='a'>Haring, Keith</subfield><subfield code='d'>1958-1990</subfield><subfield code='v'>exhibitions.</subfield></datafield><datafield ind1='1' ind2='0' tag='600'><subfield code='a'>Basquiat, Jean-Michel,</subfield><subfield code='d'>1960-1988</subfield><subfield code='v'>exhibitions.</subfield></datafield><datafield ind1='1' ind2='0' tag='600'><subfield code='a'>Clemente, Francesco,</subfield><subfield code='d'>1952-</subfield><subfield code='v'>exhibitions.</subfield></datafield><datafield ind1='1' ind2='0' tag='600'><subfield code='a'>Condo, George</subfield><subfield code='d'>1957-</subfield><subfield code='v'>exhibitions.</subfield></datafield><datafield ind1='1' ind2='0' tag='600'><subfield code='a'>Warhol, Andy,</subfield><subfield code='d'>1928-1987</subfield><subfield code='v'>Exhibitions.</subfield></datafield><datafield ind1='1' ind2='0' tag='600'><subfield code='a'>Chi, Tseng Kwong 1950-1990</subfield><subfield code='v'>exhibitions.</subfield></datafield><datafield ind1='2' ind2=' ' tag='710'><subfield code='a'>Rubell Family Collection.</subfield></datafield><datafield ind1='2' ind2=' ' tag='710'><subfield code='a'>Palm Springs Art Museum.</subfield></datafield><datafield ind1=' ' ind2=' ' tag='902'><subfield code='a'>140828</subfield></datafield><datafield ind1=' ' ind2=' ' tag='907'><subfield code='a'>.b40883383</subfield><subfield code='b'>p    </subfield><subfield code='c'>-</subfield></datafield><datafield ind1=' ' ind2=' ' tag='945'><subfield code='l'>pstk </subfield><subfield code='g'>1</subfield></datafield><datafield ind1=' ' ind2=' ' tag='979'><subfield code='a'>ocn490184317</subfield></datafield><datafield ind1=' ' ind2=' ' tag='998'><subfield code='b'>0</subfield><subfield code='c'>090821</subfield><subfield code='d'>m</subfield><subfield code='e'>a</subfield><subfield code='f'>-</subfield><subfield code='g'>0</subfield></datafield><datafield ind1=' ' ind2=' ' tag='998'><subfield code='a'>08/21/09</subfield><subfield code='s'>OCLC</subfield><subfield code='c'>cep </subfield></datafield><datafield ind1=' ' ind2=' ' tag='ADM'><subfield code='b'>2017-08-26 02:54:15</subfield><subfield code='e'>b40883383-01tuli_inst</subfield><subfield code='d'>ILS</subfield><subfield code='a'>2017-06-20 08:55:01</subfield><subfield code='c'>false</subfield></datafield><datafield ind1='0' ind2=' ' tag='HLD'><subfield code='b'>MAIN</subfield><subfield code='c'>stacks</subfield><subfield code='h'>N5220.R836</subfield><subfield code='i'>C64 2009</subfield><subfield code='8'>22288357950003811</subfield></datafield><datafield ind1=' ' ind2=' ' tag='ITM'><subfield code='r'>22288357950003811</subfield><subfield code='b'>1</subfield><subfield code='h'>0</subfield><subfield code='g'>stacks</subfield><subfield code='t'>BOOK</subfield><subfield code='9'>39074024884793</subfield><subfield code='e'>stacks</subfield><subfield code='8'>23288357940003811</subfield><subfield code='a'>0</subfield><subfield code='q'>2017-06-20 08:55:01</subfield><subfield code='i'>N5220.R836 C64 2009</subfield><subfield code='d'>MAIN</subfield><subfield code='f'>MAIN</subfield></datafield></record>