
<record xmlns='http://www.loc.gov/MARC21/slim'><leader>01509nam a2200409 a 4500</leader><controlfield tag='005'>20170825183243.0</controlfield><controlfield tag='008'>931116s1993    nyuc   j b    000 0 eng  </controlfield><controlfield tag='001'>991002891579703811</controlfield><datafield ind1=' ' ind2=' ' tag='010'><subfield code='a'>92040409 /AC</subfield></datafield><datafield ind1=' ' ind2=' ' tag='020'><subfield code='a'>1556702884</subfield></datafield><datafield ind1=' ' ind2=' ' tag='035'><subfield code='a'>(PPT)b18354270-01tuli_inst</subfield></datafield><datafield ind1=' ' ind2=' ' tag='035'><subfield code='a'>(CStRLIN)ocn483316853</subfield><subfield code='9'>ExL</subfield></datafield><datafield ind1=' ' ind2=' ' tag='035'><subfield code='a'>PATW93-B00362</subfield></datafield><datafield ind1=' ' ind2=' ' tag='035'><subfield code='a'>ocm27388590</subfield></datafield><datafield ind1=' ' ind2=' ' tag='035'><subfield code='a'>(OCLC)ocm27388590</subfield></datafield><datafield ind1=' ' ind2=' ' tag='040'><subfield code='a'>DLC</subfield><subfield code='c'>DLC</subfield><subfield code='d'>PPT-B</subfield></datafield><datafield ind1=' ' ind2=' ' tag='079'><subfield code='a'>ocm27388590</subfield></datafield><datafield ind1=' ' ind2=' ' tag='090'><subfield code='a'>PS3551.N464L54 1993</subfield></datafield><datafield ind1='1' ind2=' ' tag='100'><subfield code='a'>Angelou, Maya.</subfield></datafield><datafield ind1='1' ind2='0' tag='245'><subfield code='a'>Life doesn&apos;t frighten me /</subfield><subfield code='c'>by Maya Angelou ; illustrated by Jean-Michel Basquiat ; edited by Sara Jane Boyers.</subfield></datafield><datafield ind1=' ' ind2=' ' tag='260'><subfield code='a'>New York :</subfield><subfield code='b'>Stewart, Tabori &amp; Chang :</subfield><subfield code='b'>Distributed in the U.S. by Workman Pub.,</subfield><subfield code='c'>1993.</subfield></datafield><datafield ind1=' ' ind2=' ' tag='300'><subfield code='a'>1 v. various pagings :</subfield><subfield code='b'>ill. ;</subfield><subfield code='c'>30 cm.</subfield></datafield><datafield ind1=' ' ind2=' ' tag='504'><subfield code='a'>Includes bibliographical references.</subfield></datafield><datafield ind1=' ' ind2=' ' tag='520'><subfield code='a'>Presents Maya Angelou&apos;s poem illustrated by paintings and drawings of Jean-Michel Basquiat. Features biographies of both the author and artist.</subfield></datafield><datafield ind1=' ' ind2='0' tag='650'><subfield code='a'>Fear</subfield><subfield code='x'>Juvenile poetry.</subfield></datafield><datafield ind1=' ' ind2='0' tag='650'><subfield code='a'>Children&apos;s poetry, American.</subfield></datafield><datafield ind1='1' ind2='1' tag='700'><subfield code='a'>Basquiat, Jean Michel.</subfield></datafield><datafield ind1='1' ind2='0' tag='700'><subfield code='a'>Boyers, Sara Jane.</subfield></datafield><datafield ind1=' ' ind2=' ' tag='902'><subfield code='a'>100105</subfield></datafield><datafield ind1=' ' ind2=' ' tag='907'><subfield code='a'>.b18354270</subfield><subfield code='b'>b    </subfield><subfield code='c'>-</subfield></datafield><datafield ind1=' ' ind2=' ' tag='935'><subfield code='a'>00705439</subfield></datafield><datafield ind1=' ' ind2=' ' tag='945'><subfield code='l'>b    </subfield><subfield code='g'>1</subfield></datafield><datafield ind1=' ' ind2=' ' tag='950'><subfield code='l'>BLOC</subfield><subfield code='i'>11/16/93 C</subfield></datafield><datafield ind1=' ' ind2=' ' tag='955'><subfield code='l'>BLOC</subfield><subfield code='c'>1</subfield><subfield code='s'>Dust jacket ; rare</subfield><subfield code='i'>11/16/93 C</subfield></datafield><datafield ind1=' ' ind2=' ' tag='979'><subfield code='a'>ocm27388590</subfield></datafield><datafield ind1=' ' ind2=' ' tag='998'><subfield code='b'>1</subfield><subfield code='c'>990101</subfield><subfield code='d'>m</subfield><subfield code='e'>a</subfield><subfield code='f'>-</subfield><subfield code='g'>0</subfield></datafield><datafield ind1=' ' ind2=' ' tag='998'><subfield code='a'>11/16/93</subfield><subfield code='t'>c</subfield><subfield code='s'>9110</subfield><subfield code='n'>PPT-B</subfield><subfield code='w'>NYUG93B52853</subfield><subfield code='d'>11/16/93</subfield><subfield code='c'>AB</subfield><subfield code='b'>MJ</subfield><subfield code='i'>931116</subfield><subfield code='l'>PATW</subfield></datafield><datafield ind1=' ' ind2=' ' tag='ADM'><subfield code='b'>2018-03-14 07:10:48</subfield><subfield code='e'>b18354270-01tuli_inst</subfield><subfield code='d'>ILS</subfield><subfield code='a'>2017-06-20 10:00:58</subfield><subfield code='c'>false</subfield></datafield><datafield ind1='0' ind2=' ' tag='HLD'><subfield code='b'>BLOCKSON</subfield><subfield code='c'>rarestacks</subfield><subfield code='h'>PS3551.N464L54 1993</subfield><subfield code='8'>22299178540003811</subfield></datafield><datafield ind1=' ' ind2=' ' tag='ITM'><subfield code='r'>22299178540003811</subfield><subfield code='b'>1</subfield><subfield code='h'>0</subfield><subfield code='g'>rarestacks</subfield><subfield code='t'>BOOK</subfield><subfield code='e'>rarestacks</subfield><subfield code='8'>23299178530003811</subfield><subfield code='a'>4</subfield><subfield code='q'>2017-06-20 10:00:58</subfield><subfield code='i'>PS3551.N464L54 1993</subfield><subfield code='d'>BLOCKSON</subfield><subfield code='f'>BLOCKSON</subfield></datafield></record>