
<record xmlns='http://www.loc.gov/MARC21/slim'><leader>01915nam a2200457 a 4500</leader><controlfield tag='005'>20170825191846.0</controlfield><controlfield tag='008'>951114s1993    caua          000 0 eng d</controlfield><controlfield tag='001'>991034496439703811</controlfield><datafield ind1=' ' ind2=' ' tag='010'><subfield code='a'>93086373</subfield></datafield><datafield ind1=' ' ind2=' ' tag='020'><subfield code='a'>1884355005</subfield></datafield><datafield ind1=' ' ind2=' ' tag='035'><subfield code='a'>(PPT)b17117628-01tuli_inst</subfield></datafield><datafield ind1=' ' ind2=' ' tag='035'><subfield code='a'>(CStRLIN)ocn477121886</subfield><subfield code='9'>ExL</subfield></datafield><datafield ind1=' ' ind2=' ' tag='035'><subfield code='a'>PATG95-B69939</subfield></datafield><datafield ind1=' ' ind2=' ' tag='035'><subfield code='a'>ocm29645208</subfield></datafield><datafield ind1=' ' ind2=' ' tag='035'><subfield code='a'>(OCLC)ocm29645208</subfield></datafield><datafield ind1=' ' ind2=' ' tag='040'><subfield code='a'>CCC</subfield><subfield code='c'>CCC</subfield><subfield code='d'>DLC</subfield></datafield><datafield ind1=' ' ind2=' ' tag='042'><subfield code='a'>lccopycat</subfield></datafield><datafield ind1=' ' ind2=' ' tag='079'><subfield code='a'>ocm29645208</subfield></datafield><datafield ind1=' ' ind2=' ' tag='090'><subfield code='a'>N6538.N5T44 1993</subfield></datafield><datafield ind1='0' ind2='4' tag='245'><subfield code='a'>The Theater of refusal :</subfield><subfield code='b'>black art and mainstream criticism /</subfield><subfield code='c'>artists, Jean-Michel Basquiat ... [et al.] ; curator, Charles Gaines ; editor, Catherine Lord.</subfield></datafield><datafield ind1=' ' ind2=' ' tag='260'><subfield code='a'>Irvine :</subfield><subfield code='b'>Fine Arts Gallery, University of California, Irvine,</subfield><subfield code='c'>c1993</subfield><subfield code='e'>(Santa Monica, Calif. :</subfield><subfield code='f'>Delta Graphics)</subfield></datafield><datafield ind1=' ' ind2=' ' tag='300'><subfield code='a'>91 p. :</subfield><subfield code='b'>ill. ;</subfield><subfield code='c'>28 cm.</subfield></datafield><datafield ind1=' ' ind2=' ' tag='500'><subfield code='a'>Catalog of an exhibition held at University of California, Irvine, Fine Arts Gallery, Apr. 8-May 12, 1993; University of California, Davis, Richard L. Nelson Gallery, Nov. 7-Dec. 17, 1993; and University of California, Riverside, University Art Gallery, Jan. 9-Feb. 27, 1994.</subfield></datafield><datafield ind1=' ' ind2=' ' tag='504'><subfield code='a'>Includes bibliographical references.</subfield></datafield><datafield ind1=' ' ind2='0' tag='650'><subfield code='a'>African American art</subfield><subfield code='x'>Exhibitions.</subfield></datafield><datafield ind1=' ' ind2='0' tag='650'><subfield code='a'>Art, American</subfield><subfield code='y'>20th century</subfield><subfield code='x'>Exhibitions.</subfield></datafield><datafield ind1='1' ind2=' ' tag='700'><subfield code='a'>Basquiat, Jean Michel.</subfield></datafield><datafield ind1='1' ind2=' ' tag='700'><subfield code='a'>Gaines, Charles,</subfield><subfield code='d'>1942-</subfield></datafield><datafield ind1='1' ind2=' ' tag='700'><subfield code='a'>Lord, Catherine,</subfield><subfield code='d'>1949-</subfield></datafield><datafield ind1='2' ind2=' ' tag='710'><subfield code='a'>University of California, Irvine.</subfield><subfield code='b'>Fine Arts Gallery.</subfield></datafield><datafield ind1='2' ind2=' ' tag='710'><subfield code='a'>Richard L. Nelson Gallery.</subfield></datafield><datafield ind1='2' ind2=' ' tag='710'><subfield code='a'>University of California, Riverside.</subfield><subfield code='b'>Art Gallery.</subfield></datafield><datafield ind1=' ' ind2=' ' tag='902'><subfield code='a'>160428</subfield></datafield><datafield ind1=' ' ind2=' ' tag='907'><subfield code='a'>.b17117628</subfield><subfield code='b'>p    </subfield><subfield code='c'>-</subfield></datafield><datafield ind1=' ' ind2=' ' tag='935'><subfield code='a'>00774260</subfield></datafield><datafield ind1=' ' ind2=' ' tag='945'><subfield code='l'>pstk </subfield><subfield code='g'>1</subfield></datafield><datafield ind1=' ' ind2=' ' tag='950'><subfield code='l'>P</subfield><subfield code='i'>11/14/95 N</subfield></datafield><datafield ind1=' ' ind2=' ' tag='955'><subfield code='l'>P</subfield><subfield code='c'>0</subfield><subfield code='r'>39074010263697</subfield><subfield code='i'>11/14/95 C</subfield></datafield><datafield ind1=' ' ind2=' ' tag='979'><subfield code='a'>ocm29645208</subfield></datafield><datafield ind1=' ' ind2=' ' tag='998'><subfield code='b'>1</subfield><subfield code='c'>990101</subfield><subfield code='d'>m</subfield><subfield code='e'>a</subfield><subfield code='f'>-</subfield><subfield code='g'>4</subfield></datafield><datafield ind1=' ' ind2=' ' tag='998'><subfield code='a'>11/14/95</subfield><subfield code='t'>c</subfield><subfield code='s'>9110</subfield><subfield code='l'>PATG</subfield><subfield code='n'>PPT</subfield><subfield code='w'>DCLC9386373B</subfield><subfield code='d'>11/14/95</subfield><subfield code='c'>MFK</subfield><subfield code='b'>MK</subfield></datafield><datafield ind1=' ' ind2=' ' tag='ADM'><subfield code='b'>2018-03-16 01:50:03</subfield><subfield code='e'>b17117628-01tuli_inst</subfield><subfield code='d'>ILS</subfield><subfield code='a'>2017-06-20 07:41:36</subfield><subfield code='c'>false</subfield></datafield><datafield ind1='0' ind2=' ' tag='HLD'><subfield code='b'>MAIN</subfield><subfield code='c'>stacks</subfield><subfield code='h'>N6538.N5T44 1993</subfield><subfield code='8'>22270690230003811</subfield></datafield><datafield ind1=' ' ind2=' ' tag='ITM'><subfield code='r'>22270690230003811</subfield><subfield code='b'>1</subfield><subfield code='h'>0</subfield><subfield code='g'>stacks</subfield><subfield code='t'>BOOK</subfield><subfield code='9'>39074010263697</subfield><subfield code='e'>stacks</subfield><subfield code='8'>23270690220003811</subfield><subfield code='a'>0</subfield><subfield code='q'>2017-06-20 07:41:36</subfield><subfield code='i'>N6538.N5T44 1993</subfield><subfield code='d'>MAIN</subfield><subfield code='f'>MAIN</subfield></datafield></record>