
<record xmlns='http://www.loc.gov/MARC21/slim'><leader>02556cgm a2200613Ia 4500</leader><controlfield tag='005'>20170826003954.0</controlfield><controlfield tag='007'>vd cvaiz|</controlfield><controlfield tag='008'>110111s1981    nyu028            vleng  </controlfield><controlfield tag='001'>991035878949703811</controlfield><datafield ind1=' ' ind2=' ' tag='035'><subfield code='a'>(PPT)b54846249-01tuli_inst</subfield></datafield><datafield ind1=' ' ind2=' ' tag='035'><subfield code='a'>(OCoLC)ocn858040235</subfield><subfield code='9'>ExL</subfield></datafield><datafield ind1=' ' ind2=' ' tag='035'><subfield code='a'>(OCoLC)752670760</subfield></datafield><datafield ind1=' ' ind2=' ' tag='035'><subfield code='a'>ocn752670760</subfield></datafield><datafield ind1=' ' ind2=' ' tag='035'><subfield code='a'>(OCLC)ocn752670760</subfield></datafield><datafield ind1=' ' ind2=' ' tag='040'><subfield code='a'>AU@</subfield><subfield code='b'>eng</subfield><subfield code='c'>AU@</subfield><subfield code='d'>PPT</subfield></datafield><datafield ind1=' ' ind2=' ' tag='043'><subfield code='a'>n-us-ny</subfield></datafield><datafield ind1=' ' ind2=' ' tag='079'><subfield code='a'>ocn752670760</subfield></datafield><datafield ind1=' ' ind2=' ' tag='090'><subfield code='a'>N6490</subfield><subfield code='b'>.N39 1981</subfield></datafield><datafield ind1='0' ind2='0' tag='245'><subfield code='a'>New York - New Wave at P.S.1</subfield><subfield code='h'>[videorecording] :</subfield><subfield code='b'>Robert Mapplethorp and other photographers /</subfield><subfield code='c'>produced and directed by Paul Tschinkel.</subfield></datafield><datafield ind1='3' ind2='0' tag='246'><subfield code='a'>Robert Mapplethorp and other photographers</subfield></datafield><datafield ind1='1' ind2=' ' tag='246'><subfield code='i'>Title on container:</subfield><subfield code='a'>New York - New Wave at P.S.1 :</subfield><subfield code='b'>The Armory show of the 80&apos;s</subfield></datafield><datafield ind1='3' ind2='0' tag='246'><subfield code='a'>Armory show of the 80&apos;s</subfield></datafield><datafield ind1=' ' ind2=' ' tag='260'><subfield code='a'>New York, N.Y. :</subfield><subfield code='b'>Inner-Tube Video,</subfield><subfield code='c'>1981.</subfield></datafield><datafield ind1=' ' ind2=' ' tag='300'><subfield code='a'>1 videodisc (DVD) (28 min.) :</subfield><subfield code='b'>sd., col. ;</subfield><subfield code='c'>4 3/4 in.</subfield></datafield><datafield ind1='1' ind2=' ' tag='490'><subfield code='a'>Art/New York ;</subfield><subfield code='v'>5</subfield></datafield><datafield ind1=' ' ind2=' ' tag='508'><subfield code='a'>Text and interviews by Marc H. Miller ; short music segment by DNA.</subfield></datafield><datafield ind1='0' ind2=' ' tag='511'><subfield code='a'>Jean-Michel Basquiat, Keith Haring, Robert Mapplethorpe, Curt Hoppe.</subfield></datafield><datafield ind1=' ' ind2=' ' tag='520'><subfield code='a'>In 1981, Diego Cortez organized a large exhibition at the P.S.1 Museum in Long Island City, New York. With this seminal show, Diego Cortez captured the pulse of a burgeoning avant garde art and music scene that set the mood of a generation of artists. A hybrid of art, photography, music and fashion, this Punk and New Wave movement became emblematic of a disaffected youth culture.</subfield></datafield><datafield ind1=' ' ind2='0' tag='650'><subfield code='a'>Graffiti</subfield><subfield code='z'>New York (State)</subfield><subfield code='z'>New York.</subfield></datafield><datafield ind1=' ' ind2='0' tag='650'><subfield code='a'>Graffiti</subfield><subfield code='z'>United States.</subfield></datafield><datafield ind1=' ' ind2='0' tag='650'><subfield code='a'>Punk culture</subfield><subfield code='x'>Art.</subfield></datafield><datafield ind1=' ' ind2='0' tag='650'><subfield code='a'>Punk rock music.</subfield></datafield><datafield ind1=' ' ind2='0' tag='650'><subfield code='a'>New wave music</subfield><subfield code='z'>New York (State)</subfield><subfield code='z'>New York.</subfield></datafield><datafield ind1=' ' ind2='0' tag='650'><subfield code='a'>Avant-garde (Aesthetics)</subfield><subfield code='z'>United States.</subfield></datafield><datafield ind1=' ' ind2='0' tag='650'><subfield code='a'>Photography, Artistic.</subfield></datafield><datafield ind1=' ' ind2='0' tag='650'><subfield code='a'>Painters</subfield><subfield code='z'>United States</subfield><subfield code='y'>20th century.</subfield></datafield><datafield ind1=' ' ind2='0' tag='650'><subfield code='a'>Photographers</subfield><subfield code='z'>United States</subfield><subfield code='y'>20th century.</subfield></datafield><datafield ind1=' ' ind2='0' tag='650'><subfield code='a'>Artists</subfield><subfield code='z'>United States.</subfield></datafield><datafield ind1='1' ind2=' ' tag='700'><subfield code='a'>Tschinkel, Paul.</subfield></datafield><datafield ind1='1' ind2=' ' tag='700'><subfield code='a'>Miller, Marc H.</subfield></datafield><datafield ind1='1' ind2=' ' tag='700'><subfield code='a'>Mapplethorpe, Robert.</subfield></datafield><datafield ind1='1' ind2=' ' tag='700'><subfield code='a'>Hoppe, Curt.</subfield></datafield><datafield ind1='1' ind2=' ' tag='700'><subfield code='a'>Cortez, Diego.</subfield></datafield><datafield ind1='1' ind2=' ' tag='700'><subfield code='a'>Basquiat, Jean-Michel,</subfield><subfield code='d'>1960-1988.</subfield></datafield><datafield ind1='1' ind2=' ' tag='700'><subfield code='a'>Haring, Keith.</subfield></datafield><datafield ind1='2' ind2=' ' tag='710'><subfield code='a'>DNA (Musical group)</subfield></datafield><datafield ind1='2' ind2=' ' tag='710'><subfield code='a'>Inner Tube Video.</subfield></datafield><datafield ind1=' ' ind2='0' tag='830'><subfield code='a'>Art/New York ;</subfield><subfield code='v'>5.</subfield></datafield><datafield ind1=' ' ind2=' ' tag='902'><subfield code='a'>151119</subfield></datafield><datafield ind1=' ' ind2=' ' tag='907'><subfield code='a'>.b54846249</subfield><subfield code='b'>pmed </subfield><subfield code='c'>g</subfield></datafield><datafield ind1=' ' ind2=' ' tag='945'><subfield code='l'>pmed </subfield><subfield code='g'>1</subfield></datafield><datafield ind1=' ' ind2=' ' tag='979'><subfield code='a'>ocn752670760</subfield></datafield><datafield ind1=' ' ind2=' ' tag='998'><subfield code='b'>0</subfield><subfield code='c'>130827</subfield><subfield code='d'>m</subfield><subfield code='e'>g</subfield><subfield code='f'>g</subfield><subfield code='g'>0</subfield></datafield><datafield ind1=' ' ind2=' ' tag='998'><subfield code='a'>08/27/13</subfield><subfield code='s'>OCLC</subfield><subfield code='c'>cep </subfield></datafield><datafield ind1=' ' ind2=' ' tag='ADM'><subfield code='b'>2017-08-26 04:39:54</subfield><subfield code='e'>b54846249-01tuli_inst</subfield><subfield code='d'>ILS</subfield><subfield code='a'>2017-06-20 07:00:51</subfield><subfield code='c'>false</subfield></datafield><datafield ind1='0' ind2=' ' tag='HLD'><subfield code='b'>MEDIA</subfield><subfield code='c'>media</subfield><subfield code='h'>N6490</subfield><subfield code='i'>.N39 1981</subfield><subfield code='8'>22259111860003811</subfield></datafield><datafield ind1=' ' ind2=' ' tag='ITM'><subfield code='r'>22259111860003811</subfield><subfield code='b'>1</subfield><subfield code='h'>0</subfield><subfield code='g'>media</subfield><subfield code='t'>DVD</subfield><subfield code='9'>39074028501450</subfield><subfield code='e'>media</subfield><subfield code='8'>23259111850003811</subfield><subfield code='a'>5</subfield><subfield code='q'>2017-06-20 07:00:51</subfield><subfield code='i'>N6490 .N39 1981</subfield><subfield code='d'>MEDIA</subfield><subfield code='f'>MEDIA</subfield></datafield></record>