
<record xmlns='http://www.loc.gov/MARC21/slim'><leader>02745cgm a2200637Ka 4500</leader><controlfield tag='005'>20170825204656.0</controlfield><controlfield tag='007'>vd cvaiz|</controlfield><controlfield tag='008'>080502p200u1984nyu028            vleng d</controlfield><controlfield tag='001'>991035879059703811</controlfield><datafield ind1=' ' ind2=' ' tag='035'><subfield code='a'>(PPT)b54846274-01tuli_inst</subfield></datafield><datafield ind1=' ' ind2=' ' tag='035'><subfield code='a'>(OCoLC)ocn858040236</subfield><subfield code='9'>ExL</subfield></datafield><datafield ind1=' ' ind2=' ' tag='035'><subfield code='a'>(OCoLC)226968946</subfield></datafield><datafield ind1=' ' ind2=' ' tag='035'><subfield code='a'>ocn226968946</subfield></datafield><datafield ind1=' ' ind2=' ' tag='035'><subfield code='a'>(OCLC)ocn226968946</subfield></datafield><datafield ind1=' ' ind2=' ' tag='040'><subfield code='a'>BNY</subfield><subfield code='b'>eng</subfield><subfield code='c'>BNY</subfield><subfield code='d'>TEF</subfield><subfield code='d'>OCLCQ</subfield><subfield code='d'>OCLCA</subfield><subfield code='d'>VRC</subfield><subfield code='d'>PPT</subfield></datafield><datafield ind1=' ' ind2=' ' tag='043'><subfield code='a'>n-us-ny</subfield></datafield><datafield ind1=' ' ind2=' ' tag='079'><subfield code='a'>ocn226968946</subfield></datafield><datafield ind1=' ' ind2=' ' tag='090'><subfield code='a'>GT3913.N7</subfield><subfield code='b'>G73 2000</subfield></datafield><datafield ind1='0' ind2='0' tag='245'><subfield code='a'>Graffiti, post-graffiti</subfield><subfield code='h'>[videorecording] /</subfield><subfield code='c'>Art/New York.</subfield></datafield><datafield ind1='3' ind2=' ' tag='246'><subfield code='a'>Post-graffiti</subfield></datafield><datafield ind1=' ' ind2=' ' tag='260'><subfield code='a'>New York :</subfield><subfield code='b'>Inner Tube Video,</subfield><subfield code='c'>[200-?], c1984.</subfield></datafield><datafield ind1=' ' ind2=' ' tag='300'><subfield code='a'>1 videodisc (28 min.) :</subfield><subfield code='b'>sd., col. ;</subfield><subfield code='c'>4 3/4 in.</subfield></datafield><datafield ind1='1' ind2=' ' tag='490'><subfield code='a'>Art/New York ;</subfield><subfield code='v'>no. 21</subfield></datafield><datafield ind1=' ' ind2=' ' tag='538'><subfield code='a'>DVD.</subfield></datafield><datafield ind1=' ' ind2=' ' tag='500'><subfield code='a'>Originally produced in 1984.</subfield></datafield><datafield ind1=' ' ind2=' ' tag='500'><subfield code='a'>&quot;A video series on contemporaty art&quot;--Container.</subfield></datafield><datafield ind1=' ' ind2=' ' tag='508'><subfield code='a'>Producer, Paul Tschinkel ; directors, Paul Tschinkel, Marc H. Miller ; text and interviews, Marc H. Miller.</subfield></datafield><datafield ind1='0' ind2=' ' tag='511'><subfield code='a'>Interviews: Charlie Ahearn, Patti Astor, Jean-Michel Basquiat, Fred Brathwaite (Fab 5 Freddy), &quot;Crash,&quot; Stefan Eins, Futura 2000, Keith Haring, Sidney Janis, &quot;Lady Pink,&quot; Dolores and Hubert Neumann, Rammellzee and Tony Shafrazi.</subfield></datafield><datafield ind1=' ' ind2=' ' tag='520'><subfield code='a'>Explains the art style that evolved from graffiti spray-painted on subway surfaces to canvas paintings now hung in major art galleries. In this documentary of the early &apos;80&apos;s movement, the viewer listens to the movers and shakers of this imaginative trend, and examines the Hip-Hop culture in action, traveling to the South Bronx where most of it started.</subfield></datafield><datafield ind1=' ' ind2='0' tag='650'><subfield code='a'>Graffiti</subfield><subfield code='z'>New York (State)</subfield><subfield code='z'>New York.</subfield></datafield><datafield ind1=' ' ind2='0' tag='650'><subfield code='a'>Street art</subfield><subfield code='z'>New York (State)</subfield><subfield code='z'>New York.</subfield></datafield><datafield ind1=' ' ind2='0' tag='650'><subfield code='a'>Mural painting and decoration, American</subfield><subfield code='z'>New York (State)</subfield><subfield code='z'>New York</subfield><subfield code='y'>20th century.</subfield></datafield><datafield ind1=' ' ind2='0' tag='650'><subfield code='a'>Airbrush art</subfield><subfield code='z'>New York (State)</subfield><subfield code='z'>New York.</subfield></datafield><datafield ind1=' ' ind2='0' tag='650'><subfield code='a'>Painters</subfield><subfield code='z'>New York (State)</subfield><subfield code='z'>New York</subfield><subfield code='v'>Interviews.</subfield></datafield><datafield ind1=' ' ind2='0' tag='650'><subfield code='a'>Hip-hop.</subfield></datafield><datafield ind1=' ' ind2='7' tag='655'><subfield code='a'>Documentary films.</subfield><subfield code='2'>lcgft</subfield></datafield><datafield ind1='1' ind2=' ' tag='700'><subfield code='a'>Ahearn, Charlie.</subfield></datafield><datafield ind1='1' ind2=' ' tag='700'><subfield code='a'>Basquiat, Jean-Michel,</subfield><subfield code='d'>1960-1988.</subfield></datafield><datafield ind1='1' ind2=' ' tag='700'><subfield code='a'>Eins, Stefan.</subfield></datafield><datafield ind1='0' ind2=' ' tag='700'><subfield code='a'>Fab 5 Freddy,</subfield><subfield code='d'>1959-</subfield></datafield><datafield ind1='0' ind2=' ' tag='700'><subfield code='a'>Futura 2000.</subfield></datafield><datafield ind1='1' ind2=' ' tag='700'><subfield code='a'>Haring, Keith.</subfield></datafield><datafield ind1='1' ind2=' ' tag='700'><subfield code='a'>Janis, Sidney,</subfield><subfield code='d'>1896-1989.</subfield></datafield><datafield ind1='1' ind2=' ' tag='700'><subfield code='a'>Fabara, Sandra,</subfield><subfield code='d'>1964-</subfield></datafield><datafield ind1='1' ind2=' ' tag='700'><subfield code='a'>Shafrazi, Tony.</subfield></datafield><datafield ind1='1' ind2=' ' tag='700'><subfield code='a'>Miller, Marc H.</subfield><subfield code='4'>drt</subfield><subfield code='4'>aus</subfield><subfield code='4'>ivr</subfield></datafield><datafield ind1='1' ind2=' ' tag='700'><subfield code='a'>Tschinkel, Paul.</subfield><subfield code='4'>drt</subfield><subfield code='4'>pro</subfield></datafield><datafield ind1='2' ind2=' ' tag='710'><subfield code='a'>Sidney Janis Gallery.</subfield></datafield><datafield ind1='2' ind2=' ' tag='710'><subfield code='a'>Inner Tube Video.</subfield></datafield><datafield ind1=' ' ind2='0' tag='830'><subfield code='a'>Art/New York ;</subfield><subfield code='v'>21.</subfield></datafield><datafield ind1=' ' ind2=' ' tag='902'><subfield code='a'>130919</subfield></datafield><datafield ind1=' ' ind2=' ' tag='907'><subfield code='a'>.b54846274</subfield><subfield code='b'>pmed </subfield><subfield code='c'>g</subfield></datafield><datafield ind1=' ' ind2=' ' tag='945'><subfield code='l'>pmed </subfield><subfield code='g'>1</subfield></datafield><datafield ind1=' ' ind2=' ' tag='979'><subfield code='a'>ocn226968946</subfield></datafield><datafield ind1=' ' ind2=' ' tag='998'><subfield code='b'>0</subfield><subfield code='c'>130827</subfield><subfield code='d'>m</subfield><subfield code='e'>g</subfield><subfield code='f'>g</subfield><subfield code='g'>0</subfield></datafield><datafield ind1=' ' ind2=' ' tag='998'><subfield code='a'>08/27/13</subfield><subfield code='s'>OCLC</subfield><subfield code='c'>cep </subfield></datafield><datafield ind1=' ' ind2=' ' tag='ADM'><subfield code='b'>2017-08-26 00:46:56</subfield><subfield code='e'>b54846274-01tuli_inst</subfield><subfield code='d'>ILS</subfield><subfield code='a'>2017-06-20 07:00:49</subfield><subfield code='c'>false</subfield></datafield><datafield ind1='0' ind2=' ' tag='HLD'><subfield code='b'>MEDIA</subfield><subfield code='c'>media</subfield><subfield code='h'>GT3913.N7</subfield><subfield code='i'>G73 2000</subfield><subfield code='8'>22259099320003811</subfield></datafield><datafield ind1=' ' ind2=' ' tag='ITM'><subfield code='r'>22259099320003811</subfield><subfield code='b'>1</subfield><subfield code='h'>0</subfield><subfield code='g'>media</subfield><subfield code='t'>DVD</subfield><subfield code='9'>39074028501013</subfield><subfield code='e'>media</subfield><subfield code='8'>23259099300003811</subfield><subfield code='a'>5</subfield><subfield code='q'>2017-06-20 07:00:49</subfield><subfield code='i'>GT3913.N7 G73 2000</subfield><subfield code='d'>MEDIA</subfield><subfield code='f'>MEDIA</subfield></datafield></record>