
<record xmlns='http://www.loc.gov/MARC21/slim'><leader>01355nam  2200349 i 4500</leader><controlfield tag='001'>991036812866903811</controlfield><controlfield tag='005'>20170815164443.0</controlfield><controlfield tag='006'>m     o  d |      </controlfield><controlfield tag='007'>cr -n---------</controlfield><controlfield tag='008'>160205t20122012nyuao   ob    001 0 ger d</controlfield><datafield ind1=' ' ind2=' ' tag='020'><subfield code='a'>1-283-95657-8</subfield></datafield><datafield ind1=' ' ind2=' ' tag='020'><subfield code='a'>1-78042-528-7</subfield></datafield><datafield ind1=' ' ind2=' ' tag='035'><subfield code='a'>(CKB)2670000000180970</subfield></datafield><datafield ind1=' ' ind2=' ' tag='035'><subfield code='a'>(EBL)915111</subfield></datafield><datafield ind1=' ' ind2=' ' tag='035'><subfield code='a'>(OCoLC)793511420</subfield></datafield><datafield ind1=' ' ind2=' ' tag='035'><subfield code='a'>(MiAaPQ)EBC915111</subfield></datafield><datafield ind1=' ' ind2=' ' tag='035'><subfield code='a'>(MiAaPQ)EBC4104554</subfield></datafield><datafield ind1=' ' ind2=' ' tag='035'><subfield code='a'>(EXLCZ)992670000000180970</subfield></datafield><datafield ind1=' ' ind2=' ' tag='040'><subfield code='a'>MiAaPQ</subfield><subfield code='b'>eng</subfield><subfield code='e'>rda</subfield><subfield code='e'>pn</subfield><subfield code='c'>MiAaPQ</subfield><subfield code='d'>MiAaPQ</subfield></datafield><datafield ind1=' ' ind2=' ' tag='043'><subfield code='a'>n-us---</subfield></datafield><datafield ind1=' ' ind2='4' tag='050'><subfield code='a'>GT3913.A2</subfield><subfield code='b'>.T466 2012</subfield></datafield><datafield ind1='0' ind2='0' tag='082'><subfield code='a'>394</subfield></datafield><datafield ind1='1' ind2=' ' tag='100'><subfield code='a'>Thompson, Margo,</subfield><subfield code='e'>author.</subfield></datafield><datafield ind1='1' ind2='0' tag='245'><subfield code='a'>American grafitti /</subfield><subfield code='c'>Margo Thompson ; redaktion, Klaus H. Carl.</subfield></datafield><datafield ind1=' ' ind2='1' tag='264'><subfield code='a'>New York, [New York] :</subfield><subfield code='b'>Parkstone International,</subfield><subfield code='c'>[2012]</subfield></datafield><datafield ind1=' ' ind2='4' tag='264'><subfield code='c'>©[2012]</subfield></datafield><datafield ind1=' ' ind2=' ' tag='300'><subfield code='a'>1 online resource (256 p.)</subfield></datafield><datafield ind1=' ' ind2=' ' tag='336'><subfield code='a'>text</subfield><subfield code='2'>rdacontent</subfield></datafield><datafield ind1=' ' ind2=' ' tag='337'><subfield code='a'>computer</subfield><subfield code='2'>rdamedia</subfield></datafield><datafield ind1=' ' ind2=' ' tag='338'><subfield code='a'>online resource</subfield><subfield code='2'>rdacarrier</subfield></datafield><datafield ind1='1' ind2=' ' tag='490'><subfield code='a'>Temporis</subfield></datafield><datafield ind1=' ' ind2=' ' tag='500'><subfield code='a'>Description based upon print version of record.</subfield></datafield><datafield ind1='0' ind2=' ' tag='505'><subfield code='a'>Inhalt; Einleitung; Die Avantgarde; Authentizitä; Primitivismus; Danksagungen; Sprayer-Kultur: Soziale Netzwerke und die Vermittlungvon Technik; Themen; Schrift und Stil; Beurteilung der Qualität; BLADE; RAMMELLZEE; NOC 167; QUIK und SEEN; DONDI, FUTURA 2000, ZEPHYR und LEE; DONDI; FUTURA 2000; ZEPHYR; Graffiti 1980; LEE; FAB FIVE FREDDY; Fashion Moda; Crash; DAZE; LADY PINK; Graffiti Art: Success for America; Graffiti-Kunst und die Kunstszene im East-Village von 1980 bis 1981; Die Times Square Show; Events: Fashion Moda at the New Museum; The Fire Down Below</subfield></datafield><datafield ind1='8' ind2=' ' tag='505'><subfield code='a'>Graphiti Productions and Graffiti: AbovegroundEröffnung der Fun Gallery; The Radiant Child; Graffiti in Galerien; Einzelausstellungen in der Fun Gallery und im 51X; Graffiti-Kunst im Fashion Moda; Graffiti-Kunst und das East-Village-Phänomen; Basquiats Einzelausstellung in der Fun Gallery; Der Treueschwur; Hubert und Dolores Neumann; Post-Graffiti; Graffiti nach Post-Graffiti; Graffiti-Kunst (1984 bis 1988); Die Beurteilung der Graffiti-Kunst Mitte der 1980er Jahre; Basquiat, Haring und Scharf nach Post-Graffiti; Das East Village: Ein Zustandsbericht; Der zeitgenössische Kunst-Hype</subfield></datafield><datafield ind1='8' ind2=' ' tag='505'><subfield code='a'>Das Ende des East VillageAmerikanische Graffiti in Europa; Graffiti in europäischen Galerien und Museen; Anmerkungen; Bibliographie; Index</subfield></datafield><datafield ind1=' ' ind2=' ' tag='520'><subfield code='a'>Das vorliegende Buch präsentiert eine neue Analyse der Verbindungen zwischen dem Kunstgenre Graffiti und dem Werk Jean-Michel Basquiats und spricht insofern sicherlich ein breites Publikum an. Es gibt gegenwärtig nur äußerst wenige Studien zu dieser Thematik, was diese originelle Analyse umso wichtiger macht. Der Autor analysiert den vergleichbaren Hintergrund der Graffiti-Künstler und Basquiats, hebt gleichzeitig jedoch auch die Unterschiede hervor, die Basquiat internationale Berühmtheit verschafften, während der Großteil der Graffiti-Künstler anonym geblieben ist.</subfield></datafield><datafield ind1=' ' ind2=' ' tag='504'><subfield code='a'>Includes bibliographical references and index.</subfield></datafield><datafield ind1=' ' ind2=' ' tag='588'><subfield code='a'>Description based on online resource; title from PDF title page (ebrary, viewed February 5, 2016).</subfield></datafield><datafield ind1=' ' ind2='0' tag='650'><subfield code='a'>Graffiti</subfield><subfield code='z'>United States.</subfield></datafield><datafield ind1=' ' ind2='0' tag='650'><subfield code='a'>Street art</subfield><subfield code='z'>United States.</subfield></datafield><datafield ind1=' ' ind2='0' tag='650'><subfield code='a'>Painting, American</subfield><subfield code='y'>20th century.</subfield></datafield><datafield ind1=' ' ind2='4' tag='655'><subfield code='a'>Electronic books.</subfield></datafield><datafield ind1=' ' ind2=' ' tag='776'><subfield code='z'>1-84484-566-4</subfield></datafield><datafield ind1='1' ind2=' ' tag='700'><subfield code='a'>Carl, Klaus H.,</subfield><subfield code='e'>editor.</subfield></datafield><datafield ind1=' ' ind2='0' tag='830'><subfield code='a'>Temporis</subfield></datafield><datafield ind1=' ' ind2=' ' tag='906'><subfield code='a'>BOOK</subfield></datafield><datafield ind1=' ' ind2=' ' tag='ADM'><subfield code='b'>2017-12-01 05:47:18</subfield><subfield code='e'>2670000000180970</subfield><subfield code='d'>CKB</subfield><subfield code='a'>2012-06-03 06:12:15</subfield><subfield code='c'>false</subfield></datafield><datafield ind1=' ' ind2=' ' tag='PRT'><subfield code='a'>53392018830003811</subfield><subfield code='b'>https://sandbox01-na.alma.exlibrisgroup.com/view/uresolver/01TULI_INST/openurl?u.ignore_date_coverage=true&amp;rft.mms_id=991036812866903811</subfield><subfield code='e'>EBSCOhost</subfield><subfield code='9'>Available</subfield><subfield code='c'>EBSCOhost Academic eBook Collection (North America)</subfield><subfield code='h'>613640000000000029</subfield><subfield code='8'>53392018830003811</subfield></datafield></record>