
<record xmlns='http://www.loc.gov/MARC21/slim'><leader>01685nam a2200361Ia 4500</leader><controlfield tag='005'>20170825234115.0</controlfield><controlfield tag='008'>081212s2008    fluac    c    000 0 eng d</controlfield><controlfield tag='001'>991034856499703811</controlfield><datafield ind1=' ' ind2=' ' tag='020'><subfield code='a'>9780982119518</subfield></datafield><datafield ind1=' ' ind2=' ' tag='020'><subfield code='a'>0982119518</subfield></datafield><datafield ind1=' ' ind2=' ' tag='035'><subfield code='a'>(PPT)b40879987-01tuli_inst</subfield></datafield><datafield ind1=' ' ind2=' ' tag='035'><subfield code='a'>(OCoLC)ocn492924535</subfield><subfield code='9'>ExL</subfield></datafield><datafield ind1=' ' ind2=' ' tag='035'><subfield code='a'>(OCoLC)281847373</subfield></datafield><datafield ind1=' ' ind2=' ' tag='035'><subfield code='a'>ocn281847373</subfield></datafield><datafield ind1=' ' ind2=' ' tag='035'><subfield code='a'>(OCLC)ocn281847373</subfield></datafield><datafield ind1=' ' ind2=' ' tag='040'><subfield code='a'>EYT</subfield><subfield code='c'>EYT</subfield></datafield><datafield ind1=' ' ind2=' ' tag='079'><subfield code='a'>ocn281847373</subfield></datafield><datafield ind1=' ' ind2=' ' tag='090'><subfield code='a'>N6538.N5</subfield><subfield code='b'>A15 2008</subfield></datafield><datafield ind1='0' ind2='0' tag='245'><subfield code='a'>30 Americans :</subfield><subfield code='b'>Rubell Family Collection : December 3, 2008 - May 30, 2009.</subfield></datafield><datafield ind1='3' ind2='0' tag='246'><subfield code='a'>Thirty Americans</subfield></datafield><datafield ind1='3' ind2='0' tag='246'><subfield code='a'>Rubell Family Collection</subfield></datafield><datafield ind1=' ' ind2=' ' tag='260'><subfield code='a'>Miami, Fla. :</subfield><subfield code='b'>Rubell Family Collection,</subfield><subfield code='c'>c2008.</subfield></datafield><datafield ind1=' ' ind2=' ' tag='300'><subfield code='a'>231 p. :</subfield><subfield code='b'>chiefly col. ill., ports. ;</subfield><subfield code='c'>31 cm.</subfield></datafield><datafield ind1=' ' ind2=' ' tag='500'><subfield code='a'>Artists in the exhibition: Nina Chanel Abney, John Bankston, Jean-Michel Basquiat, Mark Bradford, Iona Rozeal Brown, Nick Cave, Robert Colescott, Noah Davis, Leonardo Drew, Renée Green, David Hammon, Barkley L. Hendricks, Rashid Johnson, Glenn Ligon, Kalup Linzy, Kerry James Marshall, Rodney McMillian, Wangechi Mutu, William Pope.L, Gary Simmons, Xaviera Simmons, Lorna Simpson, Shinique Smith, Jeff Sonhouse, Henry Taylor, Hank Willis Thomas, Mickalene Thomas, Kara Walker, Carrie Mae Weems, Kehinde Wiley, Purvis Young.</subfield></datafield><datafield ind1=' ' ind2=' ' tag='504'><subfield code='a'>Includes bibliographical notes.</subfield></datafield><datafield ind1=' ' ind2='0' tag='650'><subfield code='a'>African American artists</subfield><subfield code='z'>United States</subfield><subfield code='y'>20th century</subfield><subfield code='v'>Exhibitions.</subfield></datafield><datafield ind1=' ' ind2='0' tag='650'><subfield code='a'>African American art</subfield><subfield code='y'>20th century</subfield><subfield code='v'>Exhibitions.</subfield></datafield><datafield ind1=' ' ind2=' ' tag='902'><subfield code='a'>161215</subfield></datafield><datafield ind1=' ' ind2=' ' tag='907'><subfield code='a'>.b40879987</subfield><subfield code='b'>p    </subfield><subfield code='c'>-</subfield></datafield><datafield ind1=' ' ind2=' ' tag='945'><subfield code='l'>pstk </subfield><subfield code='g'>1</subfield></datafield><datafield ind1=' ' ind2=' ' tag='979'><subfield code='a'>ocn281847373</subfield></datafield><datafield ind1=' ' ind2=' ' tag='998'><subfield code='b'>0</subfield><subfield code='c'>090819</subfield><subfield code='d'>m</subfield><subfield code='e'>a</subfield><subfield code='f'>-</subfield><subfield code='g'>0</subfield></datafield><datafield ind1=' ' ind2=' ' tag='998'><subfield code='a'>08/19/09</subfield><subfield code='s'>OCLC</subfield><subfield code='c'>AT </subfield></datafield><datafield ind1=' ' ind2=' ' tag='ADM'><subfield code='b'>2017-08-26 03:41:15</subfield><subfield code='e'>b40879987-01tuli_inst</subfield><subfield code='d'>ILS</subfield><subfield code='a'>2017-06-20 08:18:59</subfield><subfield code='c'>false</subfield></datafield><datafield ind1='0' ind2=' ' tag='HLD'><subfield code='b'>MAIN</subfield><subfield code='c'>stacks</subfield><subfield code='h'>N6538.N5</subfield><subfield code='i'>A15 2008</subfield><subfield code='8'>22280383660003811</subfield></datafield><datafield ind1=' ' ind2=' ' tag='ITM'><subfield code='r'>22280383660003811</subfield><subfield code='b'>1</subfield><subfield code='h'>0</subfield><subfield code='g'>stacks</subfield><subfield code='t'>BOOK</subfield><subfield code='9'>39074024882987</subfield><subfield code='e'>stacks</subfield><subfield code='8'>23280383650003811</subfield><subfield code='a'>0</subfield><subfield code='q'>2017-06-20 08:18:59</subfield><subfield code='i'>N6538.N5 A15 2008</subfield><subfield code='d'>MAIN</subfield><subfield code='f'>MAIN</subfield></datafield></record>