
<record xmlns='http://www.loc.gov/MARC21/slim'><leader>01615pam a22004574a 4500</leader><controlfield tag='005'>20170825204439.0</controlfield><controlfield tag='008'>041208s2005    cau      bk  s001 0 eng  </controlfield><controlfield tag='001'>991006646599703811</controlfield><datafield ind1=' ' ind2=' ' tag='010'><subfield code='a'>2004029240</subfield></datafield><datafield ind1=' ' ind2=' ' tag='020'><subfield code='a'>0520244249 (pbk. : alk. paper)</subfield></datafield><datafield ind1=' ' ind2=' ' tag='020'><subfield code='a'>0520225104 (cloth : alk. paper)</subfield></datafield><datafield ind1=' ' ind2=' ' tag='035'><subfield code='a'>(PPT)b28638529-01tuli_inst</subfield></datafield><datafield ind1=' ' ind2=' ' tag='035'><subfield code='a'>(OCoLC)ocn490778125</subfield><subfield code='9'>ExL</subfield></datafield><datafield ind1=' ' ind2=' ' tag='035'><subfield code='a'>DLCOCM57208972</subfield></datafield><datafield ind1=' ' ind2=' ' tag='035'><subfield code='a'>ocm57208972</subfield></datafield><datafield ind1=' ' ind2=' ' tag='035'><subfield code='a'>(OCLC)ocm57208972</subfield></datafield><datafield ind1=' ' ind2=' ' tag='040'><subfield code='a'>DLC</subfield><subfield code='c'>DLC</subfield><subfield code='d'>OCLCQ</subfield><subfield code='d'>BAKER</subfield><subfield code='d'>UKM</subfield><subfield code='d'>C#P</subfield></datafield><datafield ind1=' ' ind2=' ' tag='042'><subfield code='a'>pcc</subfield></datafield><datafield ind1=' ' ind2=' ' tag='043'><subfield code='a'>n-us---</subfield></datafield><datafield ind1=' ' ind2=' ' tag='079'><subfield code='a'>ocm57208972</subfield></datafield><datafield ind1=' ' ind2=' ' tag='090'><subfield code='a'>ML3917.U6</subfield><subfield code='b'>K86 2005</subfield></datafield><datafield ind1='1' ind2=' ' tag='100'><subfield code='a'>Kun, Josh.</subfield></datafield><datafield ind1='1' ind2='0' tag='245'><subfield code='a'>Audiotopia :</subfield><subfield code='b'>music, race, and America /</subfield><subfield code='c'>Josh Kun.</subfield></datafield><datafield ind1=' ' ind2=' ' tag='260'><subfield code='a'>Berkeley, Calif. :</subfield><subfield code='b'>University of California Press,</subfield><subfield code='c'>c2005.</subfield></datafield><datafield ind1=' ' ind2=' ' tag='300'><subfield code='a'>xv, 302 p. ;</subfield><subfield code='c'>23 cm.</subfield></datafield><datafield ind1=' ' ind2='0' tag='440'><subfield code='a'>American crossroads ;</subfield><subfield code='v'>18</subfield></datafield><datafield ind1=' ' ind2=' ' tag='504'><subfield code='a'>Includes bibliographical references (p. 255-275) and index.</subfield></datafield><datafield ind1=' ' ind2=' ' tag='504'><subfield code='a'>Includes discography: p. 277-281.</subfield></datafield><datafield ind1='0' ind2=' ' tag='505'><subfield code='a'>Against easy listening, or, How to hear America sing -- The yiddish are coming -- Life according to the beat -- Basquiat&apos;s ear, Rahsaan&apos;s eye -- I, too, sing América -- Rock&apos;s reconquista.</subfield></datafield><datafield ind1=' ' ind2='0' tag='650'><subfield code='a'>Popular music</subfield><subfield code='z'>United States</subfield><subfield code='x'>History and criticism.</subfield></datafield><datafield ind1=' ' ind2='0' tag='650'><subfield code='a'>Music</subfield><subfield code='x'>Social aspects</subfield><subfield code='z'>United States.</subfield></datafield><datafield ind1=' ' ind2='0' tag='650'><subfield code='a'>Multiculturalism</subfield><subfield code='z'>United States.</subfield></datafield><datafield ind1=' ' ind2=' ' tag='901'><subfield code='a'>BNA</subfield></datafield><datafield ind1=' ' ind2=' ' tag='901'><subfield code='a'>R2533365</subfield></datafield><datafield ind1=' ' ind2=' ' tag='902'><subfield code='a'>170424</subfield></datafield><datafield ind1=' ' ind2=' ' tag='902'><subfield code='a'>051112AB0701</subfield></datafield><datafield ind1='0' ind2='0' tag='905'><subfield code='a'>American crossroads</subfield><subfield code='v'>18.</subfield></datafield><datafield ind1=' ' ind2=' ' tag='907'><subfield code='a'>.b28638529</subfield><subfield code='b'>p    </subfield><subfield code='c'>-</subfield></datafield><datafield ind1=' ' ind2=' ' tag='945'><subfield code='l'>pstk </subfield><subfield code='g'>1</subfield></datafield><datafield ind1=' ' ind2=' ' tag='979'><subfield code='a'>ocm57208972</subfield></datafield><datafield ind1=' ' ind2=' ' tag='998'><subfield code='b'>0</subfield><subfield code='c'>060119</subfield><subfield code='d'>m</subfield><subfield code='e'>a</subfield><subfield code='f'>-</subfield><subfield code='g'>0</subfield></datafield><datafield ind1=' ' ind2=' ' tag='ADM'><subfield code='b'>2017-08-26 00:44:39</subfield><subfield code='e'>b28638529-01tuli_inst</subfield><subfield code='d'>ILS</subfield><subfield code='a'>2017-06-20 06:48:13</subfield><subfield code='c'>false</subfield></datafield><datafield ind1='0' ind2=' ' tag='HLD'><subfield code='b'>MAIN</subfield><subfield code='c'>stacks</subfield><subfield code='h'>ML3917.U6</subfield><subfield code='i'>K86 2005</subfield><subfield code='8'>22254891820003811</subfield></datafield><datafield ind1=' ' ind2=' ' tag='ITM'><subfield code='r'>22254891820003811</subfield><subfield code='b'>1</subfield><subfield code='h'>0</subfield><subfield code='g'>stacks</subfield><subfield code='t'>BOOK</subfield><subfield code='9'>39074017737727</subfield><subfield code='e'>stacks</subfield><subfield code='8'>23254891800003811</subfield><subfield code='a'>0</subfield><subfield code='q'>2017-06-20 06:48:13</subfield><subfield code='i'>ML3917.U6 K86 2005</subfield><subfield code='d'>MAIN</subfield><subfield code='f'>MAIN</subfield></datafield></record>