
<record xmlns='http://www.loc.gov/MARC21/slim'><leader>01695nam a22004210  4500</leader><controlfield tag='005'>20180315121352.0</controlfield><controlfield tag='008'>830517s1982    it a     bc   00000 ita d</controlfield><controlfield tag='001'>991011500669703811</controlfield><datafield ind1=' ' ind2=' ' tag='035'><subfield code='a'>(PPT)b12346597-01tuli_inst</subfield></datafield><datafield ind1=' ' ind2=' ' tag='035'><subfield code='a'>ocn471166629</subfield><subfield code='9'>ExL</subfield></datafield><datafield ind1=' ' ind2=' ' tag='035'><subfield code='a'>PATG83-B15715</subfield></datafield><datafield ind1=' ' ind2=' ' tag='035'><subfield code='a'>ocm15379893</subfield></datafield><datafield ind1=' ' ind2=' ' tag='035'><subfield code='a'>(OCLC)ocm15379893</subfield></datafield><datafield ind1=' ' ind2=' ' tag='040'><subfield code='a'>ICA</subfield><subfield code='c'>ICA</subfield><subfield code='d'>NhD</subfield></datafield><datafield ind1=' ' ind2=' ' tag='041'><subfield code='a'>itaeng</subfield></datafield><datafield ind1=' ' ind2=' ' tag='043'><subfield code='a'>e-it---</subfield></datafield><datafield ind1=' ' ind2=' ' tag='079'><subfield code='a'>ocm15379893</subfield></datafield><datafield ind1=' ' ind2=' ' tag='090'><subfield code='a'>ND618</subfield><subfield code='b'>.T73 1982</subfield></datafield><datafield ind1='0' ind2='0' tag='245'><subfield code='a'>Transavanguardia, Italia/America :</subfield><subfield code='b'>mostra /</subfield><subfield code='c'>a cura di Achille Bonito Oliva.</subfield></datafield><datafield ind1=' ' ind2=' ' tag='260'><subfield code='a'>[Modena] :</subfield><subfield code='b'>Galleria civica,</subfield><subfield code='c'>[1982].</subfield></datafield><datafield ind1=' ' ind2=' ' tag='300'><subfield code='a'>141 p. :</subfield><subfield code='b'>chiefly ill. (some col.) ;</subfield><subfield code='c'>23 cm.</subfield></datafield><datafield ind1=' ' ind2=' ' tag='500'><subfield code='a'>At head of title: Commune di Modena, Assessorato alla Cultura, Galleria Civica.</subfield></datafield><datafield ind1=' ' ind2=' ' tag='500'><subfield code='a'>Catalogue of an exhibition held at the Galleria Civica, Modena, Mar. 21-May 2, 1982.</subfield></datafield><datafield ind1=' ' ind2=' ' tag='500'><subfield code='a'>English translation of introduction by Charles Lambert, David Ward.</subfield></datafield><datafield ind1=' ' ind2=' ' tag='500'><subfield code='a'>&quot;Opere di: Sandro Chia, Francesco Clemente, Enzo Cucchi, Nicola De Maria, Mimmo Paladino, Jean Michel Basquiat, David Deutsch, David Salle, Julian Schnabel, Robert S. Zakanitch.&quot;</subfield></datafield><datafield ind1=' ' ind2=' ' tag='504'><subfield code='a'>Includes bibliographical references.</subfield></datafield><datafield ind1=' ' ind2='0' tag='650'><subfield code='a'>Avant-garde (Aesthetics)</subfield></datafield><datafield ind1=' ' ind2='0' tag='650'><subfield code='a'>Art, Modern</subfield><subfield code='y'>20th century</subfield><subfield code='z'>Italy</subfield><subfield code='x'>Exhibitions.</subfield></datafield><datafield ind1='1' ind2='0' tag='700'><subfield code='a'>Bonito Oliva, Achille.</subfield></datafield><datafield ind1='2' ind2='0' tag='710'><subfield code='a'>Galleria civica (Modena, Italy)</subfield></datafield><datafield ind1=' ' ind2=' ' tag='907'><subfield code='a'>.b12346597</subfield><subfield code='b'>p    </subfield><subfield code='c'>-</subfield></datafield><datafield ind1=' ' ind2=' ' tag='935'><subfield code='a'>00250333</subfield></datafield><datafield ind1=' ' ind2=' ' tag='945'><subfield code='l'>pstk </subfield><subfield code='g'>1</subfield></datafield><datafield ind1=' ' ind2=' ' tag='950'><subfield code='l'>P1</subfield><subfield code='a'>N405</subfield><subfield code='b'>.W5x no. 17366</subfield><subfield code='i'>05/17/83 C</subfield></datafield><datafield ind1=' ' ind2=' ' tag='955'><subfield code='l'>P1</subfield><subfield code='i'>05/17/83 C</subfield></datafield><datafield ind1=' ' ind2=' ' tag='979'><subfield code='a'>ocm15379893</subfield></datafield><datafield ind1=' ' ind2=' ' tag='998'><subfield code='b'>1</subfield><subfield code='c'>990101</subfield><subfield code='d'>m</subfield><subfield code='e'>a</subfield><subfield code='f'>-</subfield><subfield code='g'>0</subfield></datafield><datafield ind1=' ' ind2=' ' tag='998'><subfield code='a'>05/17/83</subfield><subfield code='t'>c</subfield><subfield code='s'>9114</subfield><subfield code='n'>PPT</subfield><subfield code='w'>NHDG83B570</subfield><subfield code='d'>05/17/83</subfield><subfield code='c'>JU</subfield><subfield code='b'>BK</subfield><subfield code='i'>830517</subfield><subfield code='l'>PATG</subfield></datafield><datafield ind1=' ' ind2=' ' tag='ADM'><subfield code='b'>2018-03-15 16:13:52</subfield><subfield code='e'>b12346597-01tuli_inst</subfield><subfield code='d'>ILS</subfield><subfield code='a'>2017-06-20 11:08:32</subfield><subfield code='c'>false</subfield></datafield><datafield ind1='0' ind2=' ' tag='HLD'><subfield code='b'>MAIN</subfield><subfield code='c'>stacks</subfield><subfield code='h'>ND618</subfield><subfield code='i'>.T73 1982</subfield><subfield code='8'>22309375120003811</subfield></datafield><datafield ind1=' ' ind2=' ' tag='ITM'><subfield code='r'>22309375120003811</subfield><subfield code='b'>1</subfield><subfield code='h'>0</subfield><subfield code='g'>stacks</subfield><subfield code='t'>BOOK</subfield><subfield code='9'>39074000908202</subfield><subfield code='e'>stacks</subfield><subfield code='8'>23309375110003811</subfield><subfield code='a'>0</subfield><subfield code='q'>2017-06-20 11:08:32</subfield><subfield code='i'>ND618 .T73 1982</subfield><subfield code='d'>MAIN</subfield><subfield code='f'>MAIN</subfield></datafield></record>