
<record xmlns='http://www.loc.gov/MARC21/slim'><leader>01974cam a2200421Ia 4500</leader><controlfield tag='005'>20170825232004.0</controlfield><controlfield tag='008'>070730s2008    maua     b    000 0 eng d</controlfield><controlfield tag='001'>991026541279703811</controlfield><datafield ind1=' ' ind2=' ' tag='010'><subfield code='a'>2007031409</subfield></datafield><datafield ind1=' ' ind2=' ' tag='020'><subfield code='a'>9780262633581 (pbk. : alk. paper)</subfield></datafield><datafield ind1=' ' ind2=' ' tag='035'><subfield code='a'>(PPT)b33363092-01tuli_inst</subfield></datafield><datafield ind1=' ' ind2=' ' tag='035'><subfield code='a'>(DLC)ocn492360443</subfield><subfield code='9'>ExL</subfield></datafield><datafield ind1=' ' ind2=' ' tag='035'><subfield code='a'>DLC  2007031409</subfield></datafield><datafield ind1=' ' ind2=' ' tag='035'><subfield code='a'>ocn163593528</subfield></datafield><datafield ind1=' ' ind2=' ' tag='035'><subfield code='a'>(OCLC)ocn163593528</subfield></datafield><datafield ind1=' ' ind2=' ' tag='040'><subfield code='a'>DLC</subfield><subfield code='c'>DLC</subfield><subfield code='d'>DLC</subfield><subfield code='d'>PPT</subfield></datafield><datafield ind1=' ' ind2=' ' tag='079'><subfield code='a'>ocn163593528</subfield></datafield><datafield ind1=' ' ind2=' ' tag='090'><subfield code='a'>N72.G55</subfield><subfield code='b'>M47 2008</subfield></datafield><datafield ind1='1' ind2=' ' tag='100'><subfield code='a'>Mercer, Kobena,</subfield><subfield code='d'>1960-</subfield></datafield><datafield ind1='1' ind2='0' tag='245'><subfield code='a'>Exiles, diasporas and strangers /</subfield><subfield code='c'>Kobena Mercer.</subfield></datafield><datafield ind1=' ' ind2=' ' tag='260'><subfield code='a'>Cambridge, MA :</subfield><subfield code='b'>MIT Press,</subfield><subfield code='c'>2008.</subfield></datafield><datafield ind1=' ' ind2=' ' tag='300'><subfield code='a'>224 p. :</subfield><subfield code='b'>ill. ;</subfield><subfield code='c'>24 cm.</subfield></datafield><datafield ind1='0' ind2=' ' tag='490'><subfield code='a'>Annotating art&apos;s histories : cross-cultural perspectives in the visual arts</subfield></datafield><datafield ind1=' ' ind2=' ' tag='504'><subfield code='a'>Includes bibliographical references.</subfield></datafield><datafield ind1='0' ind2=' ' tag='505'><subfield code='a'>Unmapped trajectories: early sculpture and architecture of a &apos;Nigerian&apos; modernity / Ikem Stanley Okoye -- The turn of the primitive: modernism, the stranger and the indigenous artist / Ruth B. Phillips -- Aboriginal modernism in central Australia / Ian McLean -- The artifice of modern(ist) art history / Steven Mansbach -- Diaspora aesthetics: exploring the African diaspora in the works of Aaron Douglas, Jacob Lawrence and Jean-Michel Basquiat / Sieglinde Lemke -- Adrian Piper, 1969-1975: exiled on main street / Kobena Mercer -- Proximity and distance: black British art through the lens of exile / Amna Malik -- Diaspora, trauma and the poetics of remembrance / Jean Fisher.</subfield></datafield><datafield ind1=' ' ind2='0' tag='650'><subfield code='a'>Art and globalization.</subfield></datafield><datafield ind1=' ' ind2='0' tag='650'><subfield code='a'>Culture and globalization.</subfield></datafield><datafield ind1=' ' ind2='0' tag='650'><subfield code='a'>Modernism (Art)</subfield><subfield code='v'>Cross-cultural studies.</subfield></datafield><datafield ind1=' ' ind2=' ' tag='901'><subfield code='a'>BNA</subfield></datafield><datafield ind1=' ' ind2=' ' tag='901'><subfield code='a'>R4697486</subfield></datafield><datafield ind1=' ' ind2=' ' tag='902'><subfield code='a'>161212</subfield></datafield><datafield ind1=' ' ind2=' ' tag='902'><subfield code='a'>080312AB0701</subfield></datafield><datafield ind1='0' ind2='0' tag='905'><subfield code='a'>Annotating art&apos;s histories</subfield></datafield><datafield ind1=' ' ind2=' ' tag='907'><subfield code='a'>.b33363092</subfield><subfield code='b'>p    </subfield><subfield code='c'>-</subfield></datafield><datafield ind1=' ' ind2=' ' tag='945'><subfield code='l'>pstk </subfield><subfield code='g'>1</subfield></datafield><datafield ind1=' ' ind2=' ' tag='979'><subfield code='a'>ocn163593528</subfield></datafield><datafield ind1=' ' ind2=' ' tag='998'><subfield code='b'>0</subfield><subfield code='c'>080327</subfield><subfield code='d'>m</subfield><subfield code='e'>a</subfield><subfield code='f'>-</subfield><subfield code='g'>0</subfield></datafield><datafield ind1=' ' ind2=' ' tag='998'><subfield code='a'>03/27/08</subfield><subfield code='s'>CIP</subfield><subfield code='c'>DG </subfield></datafield><datafield ind1=' ' ind2=' ' tag='ADM'><subfield code='b'>2017-08-26 03:20:04</subfield><subfield code='e'>b33363092-01tuli_inst</subfield><subfield code='d'>ILS</subfield><subfield code='a'>2017-06-20 05:56:00</subfield><subfield code='c'>false</subfield></datafield><datafield ind1='0' ind2=' ' tag='HLD'><subfield code='b'>MAIN</subfield><subfield code='c'>stacks</subfield><subfield code='h'>N72.G55</subfield><subfield code='i'>M47 2008</subfield><subfield code='8'>22238054660003811</subfield></datafield><datafield ind1=' ' ind2=' ' tag='ITM'><subfield code='r'>22238054660003811</subfield><subfield code='b'>1</subfield><subfield code='h'>0</subfield><subfield code='g'>stacks</subfield><subfield code='t'>BOOK</subfield><subfield code='9'>39074023747819</subfield><subfield code='e'>stacks</subfield><subfield code='8'>23238054610003811</subfield><subfield code='a'>0</subfield><subfield code='q'>2017-06-20 05:56:00</subfield><subfield code='i'>N72.G55 M47 2008</subfield><subfield code='d'>MAIN</subfield><subfield code='f'>MAIN</subfield></datafield></record>