
<record xmlns='http://www.loc.gov/MARC21/slim'><leader>01714njm a22003613i 4500</leader><controlfield tag='005'>20110731100031.0</controlfield><controlfield tag='006'>m||||||||h||||||||</controlfield><controlfield tag='007'>sz|z|nnnnnzned</controlfield><controlfield tag='007'>cr||na---||a|a</controlfield><controlfield tag='008'>110728s2005    xx ||nn|s|||||||||||   |d</controlfield><controlfield tag='001'>991025412609703811</controlfield><datafield ind1=' ' ind2=' ' tag='035'><subfield code='a'>(PPT)b50913232-01tuli_inst</subfield></datafield><datafield ind1=' ' ind2=' ' tag='035'><subfield code='a'>(VaAlASP)ASP1038465/jazz</subfield><subfield code='9'>ExL</subfield></datafield><datafield ind1=' ' ind2=' ' tag='040'><subfield code='a'>VaAlASP</subfield><subfield code='c'>VaAlASP</subfield></datafield><datafield ind1='0' ind2='0' tag='245'><subfield code='a'>Acoustic machine</subfield><subfield code='h'>[electronic resource].</subfield></datafield><datafield ind1=' ' ind2=' ' tag='260'><subfield code='a'>[S.l.] :</subfield><subfield code='b'>Atavistic,</subfield><subfield code='c'>2005.</subfield></datafield><datafield ind1=' ' ind2=' ' tag='300'><subfield code='a'>1 online resource (75 min.)</subfield></datafield><datafield ind1=' ' ind2=' ' tag='500'><subfield code='a'>Previously released as a compact disc.</subfield></datafield><datafield ind1=' ' ind2=' ' tag='500'><subfield code='a'>Title from resource description page (viewed Jul. 31, 2011).</subfield></datafield><datafield ind1='0' ind2=' ' tag='505'><subfield code='a'>Contents: Outside Ticket (For John Gilmore) -- Knock Yourself Out (For Jean-Michel Basquiat) -- Intagliamento (For ZU) -- Telefon (For Glenn Gould) -- Gyllene (For Lars Gullin) -- Strata (For Max Beckmann) -- Six Of One (For Bogdan Benigar, Hans Falb, Mauro Pezzente, Martin Revheim, Mate -- Outside Ticket -- Knock Yourself Out -- Intagliamento -- Telefon -- Gyllene.</subfield></datafield><datafield ind1='0' ind2=' ' tag='511'><subfield code='a'>Performed by Vandermark 5.</subfield></datafield><datafield ind1=' ' ind2=' ' tag='533'><subfield code='a'>Electronic reproduction.</subfield><subfield code='b'>Alexandria, VA :</subfield><subfield code='c'>Alexander Street Press,</subfield><subfield code='d'>2010.</subfield><subfield code='f'>(Jazz music library).</subfield><subfield code='n'>Available via World Wide Web.</subfield></datafield><datafield ind1=' ' ind2=' ' tag='590'><subfield code='a'>Access is available to the Temple Community through use of a networked computer with a Temple IP address.</subfield></datafield><datafield ind1=' ' ind2='0' tag='650'><subfield code='a'>Jazz.</subfield></datafield><datafield ind1=' ' ind2='0' tag='655'><subfield code='a'>Streaming audio.</subfield></datafield><datafield ind1='2' ind2=' ' tag='710'><subfield code='a'>Vandermark 5.</subfield></datafield><datafield ind1='2' ind2=' ' tag='710'><subfield code='a'>Alexander Street Press.</subfield></datafield><datafield ind1=' ' ind2='0' tag='830'><subfield code='a'>Jazz music library.</subfield></datafield><datafield ind1='4' ind2='0' tag='856'><subfield code='z'>Access electronic resource.</subfield><subfield code='u'>http://libproxy.temple.edu/login?url=http://www.aspresolver.com/aspresolver.asp?JAZZ;1038465</subfield></datafield><datafield ind1=' ' ind2=' ' tag='907'><subfield code='a'>.b50913232</subfield><subfield code='b'>w    </subfield><subfield code='c'>-</subfield></datafield><datafield ind1=' ' ind2=' ' tag='902'><subfield code='a'>111221</subfield></datafield><datafield ind1=' ' ind2=' ' tag='998'><subfield code='b'>1</subfield><subfield code='c'>111225</subfield><subfield code='d'>m</subfield><subfield code='e'>j</subfield><subfield code='f'>-</subfield><subfield code='g'>0</subfield></datafield><datafield ind1=' ' ind2=' ' tag='902'><subfield code='a'>Jazz Music Library 2011-12-21</subfield></datafield><datafield ind1=' ' ind2=' ' tag='945'><subfield code='l'>w    </subfield><subfield code='g'>1</subfield></datafield><datafield ind1=' ' ind2=' ' tag='ADM'><subfield code='b'>2017-08-04 07:52:54</subfield><subfield code='e'>b50913232-01tuli_inst</subfield><subfield code='d'>ILS</subfield><subfield code='a'>2017-06-20 06:11:34</subfield><subfield code='c'>false</subfield></datafield><datafield ind1=' ' ind2=' ' tag='PRT'><subfield code='a'>53382148850003811</subfield><subfield code='b'>https://sandbox01-na.alma.exlibrisgroup.com/view/uresolver/01TULI_INST/openurl?u.ignore_date_coverage=true&amp;rft.mms_id=991025412609703811</subfield><subfield code='f'>Access electronic resource.</subfield><subfield code='9'>Available</subfield><subfield code='d'>MAIN</subfield><subfield code='c'>Music Online: Jazz Music Library</subfield><subfield code='8'>53382148850003811</subfield></datafield></record>