
<record xmlns='http://www.loc.gov/MARC21/slim'><leader>02500cam a2200469 i 4500</leader><controlfield tag='005'>20180315161816.0</controlfield><controlfield tag='008'>130710s2014    ncua          001 0 eng c</controlfield><controlfield tag='001'>991003026349703811</controlfield><datafield ind1=' ' ind2=' ' tag='010'><subfield code='a'>2013026382</subfield></datafield><datafield ind1=' ' ind2=' ' tag='020'><subfield code='a'>9780822356271 (cloth : alk. paper)</subfield></datafield><datafield ind1=' ' ind2=' ' tag='020'><subfield code='a'>0822356279 (cloth : alk. paper)</subfield></datafield><datafield ind1=' ' ind2=' ' tag='020'><subfield code='a'>9780822356349 (pbk. : alk. paper)</subfield></datafield><datafield ind1=' ' ind2=' ' tag='020'><subfield code='a'>0822356341 (pbk. : alk. paper)</subfield></datafield><datafield ind1='8' ind2=' ' tag='024'><subfield code='a'>40023305308</subfield></datafield><datafield ind1=' ' ind2=' ' tag='035'><subfield code='a'>(PPT)b56161931-01tuli_inst</subfield></datafield><datafield ind1=' ' ind2=' ' tag='035'><subfield code='a'>(OCoLC)ocn881211298</subfield><subfield code='9'>ExL</subfield></datafield><datafield ind1=' ' ind2=' ' tag='035'><subfield code='a'>(OCoLC)846889384</subfield><subfield code='z'>(OCoLC)846889385</subfield></datafield><datafield ind1=' ' ind2=' ' tag='035'><subfield code='a'>ocn846889384</subfield></datafield><datafield ind1=' ' ind2=' ' tag='035'><subfield code='a'>(OCLC)ocn846889384</subfield></datafield><datafield ind1=' ' ind2=' ' tag='040'><subfield code='a'>NcD/DLC</subfield><subfield code='b'>eng</subfield><subfield code='e'>rda</subfield><subfield code='c'>YUS</subfield><subfield code='d'>NDD</subfield><subfield code='d'>DLC</subfield><subfield code='d'>YDXCP</subfield><subfield code='d'>BTCTA</subfield><subfield code='d'>BDX</subfield><subfield code='d'>ERASA</subfield><subfield code='d'>UKMGB</subfield><subfield code='d'>AMH</subfield><subfield code='d'>CDX</subfield><subfield code='d'>ITD</subfield><subfield code='d'>ZCU</subfield><subfield code='d'>OCLCF</subfield><subfield code='d'>DEBBG</subfield></datafield><datafield ind1=' ' ind2=' ' tag='042'><subfield code='a'>pcc</subfield></datafield><datafield ind1=' ' ind2=' ' tag='079'><subfield code='a'>ocn846889384</subfield></datafield><datafield ind1=' ' ind2=' ' tag='090'><subfield code='a'>N6502.5</subfield><subfield code='b'>.S73 2014</subfield></datafield><datafield ind1='1' ind2=' ' tag='100'><subfield code='a'>Stavans, Ilan,</subfield><subfield code='e'>author.</subfield></datafield><datafield ind1='1' ind2='0' tag='245'><subfield code='a'>Thirteen ways of looking at Latino art /</subfield><subfield code='c'>Ilan Stavans and Jorge J.E. Gracia.</subfield></datafield><datafield ind1=' ' ind2='1' tag='264'><subfield code='a'>Durham :</subfield><subfield code='b'>Duke University Press,</subfield><subfield code='c'>2014.</subfield></datafield><datafield ind1=' ' ind2=' ' tag='300'><subfield code='a'>232 pages :</subfield><subfield code='b'>illustrations (chiefly color) ;</subfield><subfield code='c'>23 cm</subfield></datafield><datafield ind1=' ' ind2=' ' tag='336'><subfield code='a'>text</subfield><subfield code='2'>rdacontent</subfield></datafield><datafield ind1=' ' ind2=' ' tag='337'><subfield code='a'>unmediated</subfield><subfield code='2'>rdamedia</subfield></datafield><datafield ind1=' ' ind2=' ' tag='338'><subfield code='a'>volume</subfield><subfield code='2'>rdacarrier</subfield></datafield><datafield ind1=' ' ind2=' ' tag='500'><subfield code='a'>Includes index.</subfield></datafield><datafield ind1='0' ind2=' ' tag='505'><subfield code='a'>The labyrinth of history : Einar and Jamex de la Torre, La reconquista -- The impostor&apos;s mask : María Brito, Conversation -- On desecration : Andres Serrano, Piss Christ -- The death game : Francisco Oller, El velorio -- A girl&apos;s innocence : Mariana Yampolsky, Elva -- The thereafter : Carmen Lomas Garza, Heaven and hell -- The street as art : Bear Tck, Chicano graffiti -- Desperate escape : José Bedia, Siguiendo su instinto -- The horrors of war : Luis Cruz Azaceta, Slaughter -- The ambiguity of madness : Martín Ramírez, Untitled (train and tunnel) -- I laugh in your race! : Jean-Michel Basquiat, Untitled (skull) -- American America : María Magdalena Campos-Pons, Above all things -- Twisted tongue : Adál, La Spanglish sandwich bodega bag.</subfield></datafield><datafield ind1=' ' ind2=' ' tag='504'><subfield code='a'>Includes bibliographical references and index.</subfield></datafield><datafield ind1=' ' ind2='0' tag='650'><subfield code='a'>Art, Latin American</subfield><subfield code='y'>20th century.</subfield></datafield><datafield ind1=' ' ind2='0' tag='650'><subfield code='a'>Art criticism.</subfield></datafield><datafield ind1='1' ind2=' ' tag='700'><subfield code='a'>Gracia, Jorge J. E.,</subfield><subfield code='e'>author.</subfield></datafield><datafield ind1=' ' ind2=' ' tag='856'><subfield code='u'>http://bvbr.bib-bvb.de:8991/F?func=service&amp;doc_library=BVB01&amp;local_base=BVB01&amp;doc_number=027169200&amp;line_number=0001&amp;func_code=DB_RECORDS&amp;service_type=MEDIA</subfield><subfield code='z'>Inhaltsverzeichnis</subfield></datafield><datafield ind1=' ' ind2=' ' tag='907'><subfield code='a'>.b56161931</subfield><subfield code='b'>p    </subfield><subfield code='c'>-</subfield></datafield><datafield ind1=' ' ind2=' ' tag='945'><subfield code='l'>pstk </subfield><subfield code='g'>1</subfield></datafield><datafield ind1=' ' ind2=' ' tag='979'><subfield code='a'>ocn846889384</subfield></datafield><datafield ind1=' ' ind2=' ' tag='998'><subfield code='b'>0</subfield><subfield code='c'>140523</subfield><subfield code='d'>m</subfield><subfield code='e'>a</subfield><subfield code='f'>-</subfield><subfield code='g'>0</subfield></datafield><datafield ind1=' ' ind2=' ' tag='998'><subfield code='a'>05/23/14</subfield><subfield code='s'>LC</subfield><subfield code='c'>YL</subfield></datafield><datafield ind1=' ' ind2=' ' tag='ADM'><subfield code='b'>2018-03-15 20:18:16</subfield><subfield code='e'>b56161931-01tuli_inst</subfield><subfield code='d'>ILS</subfield><subfield code='a'>2017-06-20 06:33:24</subfield><subfield code='c'>false</subfield></datafield><datafield ind1='0' ind2=' ' tag='HLD'><subfield code='b'>MAIN</subfield><subfield code='c'>stacks</subfield><subfield code='h'>N6502.5</subfield><subfield code='i'>.S73 2014</subfield><subfield code='8'>22250023700003811</subfield></datafield><datafield ind1=' ' ind2=' ' tag='ITM'><subfield code='r'>22250023700003811</subfield><subfield code='b'>1</subfield><subfield code='h'>0</subfield><subfield code='g'>stacks</subfield><subfield code='t'>BOOK</subfield><subfield code='9'>39074029703873</subfield><subfield code='e'>stacks</subfield><subfield code='8'>23250023690003811</subfield><subfield code='a'>0</subfield><subfield code='q'>2017-06-20 06:33:24</subfield><subfield code='i'>N6502.5 .S73 2014</subfield><subfield code='d'>MAIN</subfield><subfield code='f'>MAIN</subfield></datafield></record>