
<record xmlns='http://www.loc.gov/MARC21/slim'><leader>02799nam a22004814i 4500</leader><controlfield tag='005'>20180315175946.0</controlfield><controlfield tag='006'>m     o  d        </controlfield><controlfield tag='007'>cr cn|||||||||</controlfield><controlfield tag='008'>140107s2014    ncua    ob    001 0 eng d</controlfield><controlfield tag='001'>991012103549703811</controlfield><datafield ind1=' ' ind2=' ' tag='020'><subfield code='a'>9780822376880</subfield></datafield><datafield ind1=' ' ind2=' ' tag='020'><subfield code='a'>0822376881</subfield></datafield><datafield ind1=' ' ind2=' ' tag='020'><subfield code='z'>9780822356271 (cloth : alk. paper)</subfield></datafield><datafield ind1=' ' ind2=' ' tag='020'><subfield code='z'>0822356279 (cloth : alk. paper)</subfield></datafield><datafield ind1=' ' ind2=' ' tag='020'><subfield code='z'>9780822356349 (pbk. : alk. paper)</subfield></datafield><datafield ind1=' ' ind2=' ' tag='020'><subfield code='z'>0822356341 (pbk. : alk. paper)</subfield></datafield><datafield ind1=' ' ind2=' ' tag='035'><subfield code='a'>(PPT)b58411203-01tuli_inst</subfield></datafield><datafield ind1=' ' ind2=' ' tag='035'><subfield code='a'>|a867664427</subfield><subfield code='9'>ExL</subfield></datafield><datafield ind1=' ' ind2=' ' tag='035'><subfield code='a'>867664427</subfield></datafield><datafield ind1=' ' ind2=' ' tag='040'><subfield code='a'>NDD</subfield><subfield code='b'>eng</subfield><subfield code='e'>rda</subfield><subfield code='c'>NDD</subfield></datafield><datafield ind1=' ' ind2=' ' tag='090'><subfield code='a'>N6502.5</subfield><subfield code='b'>.S73 2014eb</subfield></datafield><datafield ind1='1' ind2=' ' tag='100'><subfield code='a'>Stavans, Ilan.</subfield></datafield><datafield ind1='1' ind2='0' tag='245'><subfield code='a'>Thirteen ways of looking at Latino art</subfield><subfield code='h'>[electronic resource] /</subfield><subfield code='c'>Ilan Stavans and Jorge J. E. Gracia.</subfield></datafield><datafield ind1=' ' ind2='1' tag='264'><subfield code='a'>Durham :</subfield><subfield code='b'>Duke University Press,</subfield><subfield code='c'>2014.</subfield></datafield><datafield ind1=' ' ind2=' ' tag='300'><subfield code='a'>1 online resource (232 pages) :</subfield><subfield code='b'>illustrations (some color)</subfield></datafield><datafield ind1=' ' ind2=' ' tag='336'><subfield code='a'>text</subfield><subfield code='2'>rdacontent</subfield></datafield><datafield ind1=' ' ind2=' ' tag='337'><subfield code='a'>computer</subfield><subfield code='2'>rdamedia</subfield></datafield><datafield ind1=' ' ind2=' ' tag='338'><subfield code='a'>online resource</subfield><subfield code='2'>rdacarrier</subfield></datafield><datafield ind1=' ' ind2=' ' tag='504'><subfield code='a'>Includes bibliographical references and index.</subfield></datafield><datafield ind1='0' ind2=' ' tag='505'><subfield code='a'>The labyrinth of history : Einar and Jamex de la Torre, La reconquista -- The impostor&apos;s mask : Mari⁺ѓa Brito, Conversation -- On desecration : Andres Serrano, Piss Christ -- The death game : Francisco Oller, El velorio -- A girl&apos;s innocence : Mariana Yampolsky, Elva -- The thereafter : Carmen Lomas Garza, Heaven and hell -- The street as art : Bear Tck, Chicano graffiti -- Desperate escape : Jose⁺ѓ Bedia, Siguiendo su instinto -- The horrors of war : Luis Cruz Azaceta, Slaughter -- The ambiguity of madness : Marti⁺ѓn Rami⁺ѓrez, Untitled (train and tunnel) -- I laugh in your race! : Jean-Michel Basquiat, Untitled (skull) -- American America : Mari⁺ѓa Magdalena Campos-Pons, Above all things -- Twisted tongue : Ada⁺ѓl, La Spanglish sandwich bodega bag.</subfield></datafield><datafield ind1=' ' ind2=' ' tag='588'><subfield code='a'>Description based on print version record.</subfield></datafield><datafield ind1=' ' ind2=' ' tag='590'><subfield code='a'>Access is available to the Temple Community through use of a networked computer with a Temple IP address.</subfield></datafield><datafield ind1=' ' ind2='0' tag='650'><subfield code='a'>Art, Latin American</subfield><subfield code='y'>20th century.</subfield></datafield><datafield ind1=' ' ind2='0' tag='650'><subfield code='a'>Art criticism.</subfield></datafield><datafield ind1=' ' ind2='0' tag='655'><subfield code='a'>Electronic books.</subfield></datafield><datafield ind1='1' ind2=' ' tag='700'><subfield code='a'>Gracia, Jorge J. E.</subfield></datafield><datafield ind1='2' ind2=' ' tag='710'><subfield code='a'>e-Duke books scholarly collection.</subfield></datafield><datafield ind1='0' ind2='8' tag='776'><subfield code='i'>Print version:</subfield><subfield code='a'>Stavans, Ilan.</subfield><subfield code='t'>Thirteen ways of looking at Latino art.</subfield><subfield code='d'>Durham : Duke University Press, 2014</subfield><subfield code='z'>9780822356271</subfield><subfield code='z'>9780822356349</subfield><subfield code='w'>(DLC)  2013026382</subfield><subfield code='w'>(OCoLC)846889384</subfield></datafield><datafield ind1='4' ind2='0' tag='856'><subfield code='a'>zAccess full text online.</subfield><subfield code='u'>http://libproxy.temple.edu/login?url=http://dx.doi.org/10.1215/9780822376880</subfield></datafield><datafield ind1=' ' ind2=' ' tag='902'><subfield code='a'>e-Duke books scholarly collection 2015-10-05</subfield></datafield><datafield ind1=' ' ind2=' ' tag='907'><subfield code='a'>.b58411203</subfield><subfield code='b'>w    </subfield><subfield code='c'>-</subfield></datafield><datafield ind1=' ' ind2=' ' tag='945'><subfield code='l'>w    </subfield><subfield code='g'>1</subfield></datafield><datafield ind1=' ' ind2=' ' tag='998'><subfield code='b'>1</subfield><subfield code='c'>151010</subfield><subfield code='d'>m</subfield><subfield code='e'>@</subfield><subfield code='f'>-</subfield><subfield code='g'>0</subfield></datafield><datafield ind1=' ' ind2=' ' tag='PRT'><subfield code='a'>53384094020003811</subfield><subfield code='b'>https://sandbox01-na.alma.exlibrisgroup.com/view/uresolver/01TULI_INST/openurl?u.ignore_date_coverage=true&amp;rft.mms_id=991012103549703811</subfield><subfield code='d'>MAIN</subfield><subfield code='c'>e-Duke Books Scholarly Collection</subfield><subfield code='8'>53384094020003811</subfield></datafield></record>