
<record xmlns='http://www.loc.gov/MARC21/slim'><leader>02585cam a2200469Ia 4500</leader><controlfield tag='005'>20180315213239.0</controlfield><controlfield tag='008'>111010s2011    fluac    bc   000 0deng d</controlfield><controlfield tag='001'>991030907029703811</controlfield><datafield ind1=' ' ind2=' ' tag='020'><subfield code='a'>9780982119556</subfield></datafield><datafield ind1=' ' ind2=' ' tag='020'><subfield code='a'>0982119550</subfield></datafield><datafield ind1=' ' ind2=' ' tag='035'><subfield code='a'>(PPT)b5320914x-01tuli_inst</subfield></datafield><datafield ind1=' ' ind2=' ' tag='035'><subfield code='a'>(OCoLC)ocn823213054</subfield><subfield code='9'>ExL</subfield></datafield><datafield ind1=' ' ind2=' ' tag='035'><subfield code='a'>(OCoLC)756505948</subfield><subfield code='z'>(OCoLC)783151523</subfield></datafield><datafield ind1=' ' ind2=' ' tag='035'><subfield code='a'>ocn756505948</subfield></datafield><datafield ind1=' ' ind2=' ' tag='035'><subfield code='a'>(OCLC)ocn756505948</subfield></datafield><datafield ind1=' ' ind2=' ' tag='040'><subfield code='a'>GZQ</subfield><subfield code='c'>GZQ</subfield><subfield code='d'>YDXCP</subfield><subfield code='d'>BTCTA</subfield><subfield code='d'>BWX</subfield><subfield code='d'>MOF</subfield><subfield code='d'>CDX</subfield></datafield><datafield ind1='0' ind2='0' tag='050'><subfield code='a'>N6538.N5</subfield><subfield code='b'>R83 2011</subfield></datafield><datafield ind1=' ' ind2=' ' tag='079'><subfield code='a'>ocn756505948</subfield></datafield><datafield ind1='2' ind2=' ' tag='110'><subfield code='a'>Rubell Family Collection.</subfield></datafield><datafield ind1='1' ind2='0' tag='245'><subfield code='a'>30 Americans :</subfield><subfield code='b'>Rubell Family Collection /</subfield><subfield code='c'>[Contributing writers: Robert Hobbs, Glenn Ligon, Franklin Sirmans and Michele Wallace].</subfield></datafield><datafield ind1='3' ind2=' ' tag='246'><subfield code='a'>Thirty Americans :</subfield><subfield code='b'>Rubell Family Collection</subfield></datafield><datafield ind1='3' ind2='0' tag='246'><subfield code='a'>Rubell Family Collection</subfield></datafield><datafield ind1=' ' ind2=' ' tag='250'><subfield code='a'>2nd expanded ed.</subfield></datafield><datafield ind1=' ' ind2=' ' tag='260'><subfield code='a'>Miami, Fla. :</subfield><subfield code='b'>Rubell ;</subfield><subfield code='a'>New York, N.Y. :</subfield><subfield code='b'>Distribution, D.A.P./Distributed Art Pub.,</subfield><subfield code='c'>c2011.</subfield></datafield><datafield ind1=' ' ind2=' ' tag='300'><subfield code='a'>223 p. :</subfield><subfield code='b'>ill. (some col.), ports. ;</subfield><subfield code='c'>29 cm.</subfield></datafield><datafield ind1=' ' ind2=' ' tag='500'><subfield code='a'>Title from cover.</subfield></datafield><datafield ind1=' ' ind2=' ' tag='500'><subfield code='a'>First published on the occasion of the exhibition 30 Americans at the Rubell Family Collection (December 3, 2008 - May 30, 2009) ; North Carolina Museum of Art, Raleigh (March 19, 2011 - September 4, 2011); Corcoran Gallery of Art, Washington, D.C. (October 1, 2011 - February 12, 2012); Chrysler Museum of Art, Norfolk (March 16, 2012 - July 15, 2012)</subfield></datafield><datafield ind1=' ' ind2=' ' tag='500'><subfield code='a'>Artists in the exhibition: Nina Chanel Abney, John Bankston, Jean-Michel Basquiat, Mark Bradford, Iona Rozeal Brown, Nick Cave, Robert Colescott, Noah Davis, Leonardo Drew, Renée Green, David Hammons, Barkley L. Hendricks, Rashid Johnson, Glenn Ligon, Kalup Linzy, Kerry James Marshall, Rodney McMillian, Wangechi Mutu, William Pope. L, Gary Simmons, Xaviera Simmons, Lorna Simpson, Shinique Smith, Jeff Sonhouse, Henry Taylor, Hank Willis Thomas, Mickalene Thomas, Kara Walker, Carrie Mae Weems, Kehinde Wiley, Purvis Young.</subfield></datafield><datafield ind1=' ' ind2=' ' tag='504'><subfield code='a'>Includes bibliographical references.</subfield></datafield><datafield ind1=' ' ind2='0' tag='650'><subfield code='a'>African American art</subfield><subfield code='y'>20th century</subfield><subfield code='v'>Exhibitions.</subfield></datafield><datafield ind1=' ' ind2='0' tag='650'><subfield code='a'>African American art</subfield><subfield code='y'>21st century</subfield><subfield code='v'>Exhibitions.</subfield></datafield><datafield ind1='2' ind2='0' tag='610'><subfield code='a'>Rubell Family Collection</subfield><subfield code='v'>Exhibitions.</subfield></datafield><datafield ind1=' ' ind2='0' tag='650'><subfield code='a'>Art</subfield><subfield code='x'>Private collections</subfield><subfield code='z'>Florida</subfield><subfield code='z'>Miami</subfield><subfield code='v'>Exhibitions.</subfield></datafield><datafield ind1='1' ind2=' ' tag='700'><subfield code='a'>Hobbs, Robert Carleton,</subfield><subfield code='d'>1946-</subfield></datafield><datafield ind1='1' ind2=' ' tag='700'><subfield code='a'>Ligon, Glenn,</subfield><subfield code='d'>1960-</subfield></datafield><datafield ind1='1' ind2=' ' tag='700'><subfield code='a'>Sirmans, Franklin.</subfield></datafield><datafield ind1='1' ind2=' ' tag='700'><subfield code='a'>Wallace, Michele.</subfield></datafield><datafield ind1=' ' ind2=' ' tag='907'><subfield code='a'>.b5320914x</subfield><subfield code='b'>b    </subfield><subfield code='c'>-</subfield></datafield><datafield ind1=' ' ind2=' ' tag='945'><subfield code='l'>b    </subfield><subfield code='g'>1</subfield></datafield><datafield ind1=' ' ind2=' ' tag='979'><subfield code='a'>ocn756505948</subfield></datafield><datafield ind1=' ' ind2=' ' tag='998'><subfield code='b'>1</subfield><subfield code='c'>121211</subfield><subfield code='d'>m</subfield><subfield code='e'>a</subfield><subfield code='f'>-</subfield><subfield code='g'>0</subfield></datafield><datafield ind1=' ' ind2=' ' tag='998'><subfield code='b'>1</subfield><subfield code='c'>121211</subfield><subfield code='d'>m</subfield><subfield code='e'>a</subfield><subfield code='f'>-</subfield><subfield code='g'>0</subfield></datafield><datafield ind1=' ' ind2=' ' tag='ADM'><subfield code='b'>2018-03-16 01:32:39</subfield><subfield code='e'>b5320914x-01tuli_inst</subfield><subfield code='d'>ILS</subfield><subfield code='a'>2017-06-20 10:52:45</subfield><subfield code='c'>false</subfield></datafield><datafield ind1='8' ind2=' ' tag='HLD'><subfield code='b'>BLOCKSON</subfield><subfield code='c'>rarestacks</subfield><subfield code='8'>22306954850003811</subfield></datafield><datafield ind1=' ' ind2=' ' tag='ITM'><subfield code='r'>22306954850003811</subfield><subfield code='b'>1</subfield><subfield code='h'>8</subfield><subfield code='g'>rarestacks</subfield><subfield code='t'>BOOK</subfield><subfield code='e'>rarestacks</subfield><subfield code='8'>23306954840003811</subfield><subfield code='a'>0</subfield><subfield code='q'>2017-06-20 10:52:45</subfield><subfield code='d'>BLOCKSON</subfield><subfield code='f'>BLOCKSON</subfield></datafield></record>