
<record xmlns='http://www.loc.gov/MARC21/slim'><leader>02106cam a2200373 a 4500</leader><controlfield tag='005'>20180315122820.0</controlfield><controlfield tag='008'>110403s2011    nyua     b    001 0 eng d</controlfield><controlfield tag='001'>991026115379703811</controlfield><datafield ind1=' ' ind2=' ' tag='010'><subfield code='z'>2011922587</subfield></datafield><datafield ind1=' ' ind2=' ' tag='020'><subfield code='a'>9780500204078</subfield></datafield><datafield ind1=' ' ind2=' ' tag='020'><subfield code='a'>0500204071</subfield></datafield><datafield ind1=' ' ind2=' ' tag='035'><subfield code='a'>(PPT)b5110300x-01tuli_inst</subfield></datafield><datafield ind1=' ' ind2=' ' tag='035'><subfield code='a'>(OCoLC)ocn775884002</subfield><subfield code='9'>ExL</subfield></datafield><datafield ind1=' ' ind2=' ' tag='035'><subfield code='a'>(OCoLC)711052010</subfield></datafield><datafield ind1=' ' ind2=' ' tag='035'><subfield code='a'>ocn711052010</subfield></datafield><datafield ind1=' ' ind2=' ' tag='035'><subfield code='a'>(OCLC)ocn711052010</subfield></datafield><datafield ind1=' ' ind2=' ' tag='040'><subfield code='a'>BTCTA</subfield><subfield code='b'>eng</subfield><subfield code='c'>BTCTA</subfield><subfield code='d'>ERASA</subfield><subfield code='d'>UKMGB</subfield><subfield code='d'>YDXCP</subfield><subfield code='d'>BKX</subfield><subfield code='d'>CAD</subfield><subfield code='d'>TLS</subfield><subfield code='d'>IAL</subfield><subfield code='d'>VP@</subfield><subfield code='d'>BWX</subfield><subfield code='d'>KSU</subfield><subfield code='d'>NHM</subfield><subfield code='d'>CDX</subfield></datafield><datafield ind1=' ' ind2=' ' tag='079'><subfield code='a'>ocn711052010</subfield></datafield><datafield ind1=' ' ind2=' ' tag='090'><subfield code='a'>GT3912</subfield><subfield code='b'>.W33 2011</subfield></datafield><datafield ind1='1' ind2=' ' tag='100'><subfield code='a'>Wacławek, Anna.</subfield></datafield><datafield ind1='1' ind2='0' tag='245'><subfield code='a'>Graffiti and street art /</subfield><subfield code='c'>Anna Wacławek.</subfield></datafield><datafield ind1=' ' ind2=' ' tag='260'><subfield code='a'>New York :</subfield><subfield code='b'>Thames &amp; Hudson,</subfield><subfield code='c'>2011.</subfield></datafield><datafield ind1=' ' ind2=' ' tag='300'><subfield code='a'>208 p. :</subfield><subfield code='b'>ill. (chiefly col.) ;</subfield><subfield code='c'>22 cm.</subfield></datafield><datafield ind1='1' ind2=' ' tag='490'><subfield code='a'>World of art</subfield></datafield><datafield ind1=' ' ind2=' ' tag='500'><subfield code='a'>Includes bibliographical references (p. 197-204) and index.</subfield></datafield><datafield ind1='0' ind2=' ' tag='505'><subfield code='a'>From graffiti to post-graffiti.  Signature graffiti writing -- The tag -- Throwies -- Pieces -- Tools of the trade -- Kings, toys and crews -- Urban painting -- Stencils -- Logos -- Characters -- Graffiti&apos;s genealogy.  Writing style -- Graffiti in motion -- A necessary crime -- &apos;Hip-hop graffiti&apos; -- Forays into galleries -- Basquiat and Haring -- Street art and the city.  Street art as public art -- Contesting &apos;public&apos; space -- Defining a community -- The city as context -- Here today, gone tomorrow -- Performing street art -- Identity politics -- Post-graffiti, site and space.  The liminal -- But what does it do? -- Same work, multiple sites -- Location, location, location -- The material support and the work itself -- Urban visual culture.  Visual culture and art history -- Street art off the streets -- In the gallery -- On the internet -- Reclaiming the streets : remixing, culture jamming and subvertising -- Urban painting today -- Artists&apos; websites.</subfield></datafield><datafield ind1=' ' ind2='0' tag='650'><subfield code='a'>Graffiti.</subfield></datafield><datafield ind1=' ' ind2='0' tag='650'><subfield code='a'>Street art.</subfield></datafield><datafield ind1=' ' ind2='0' tag='830'><subfield code='a'>World of art.</subfield></datafield><datafield ind1=' ' ind2=' ' tag='907'><subfield code='a'>.b5110300x</subfield><subfield code='b'>p    </subfield><subfield code='c'>-</subfield></datafield><datafield ind1=' ' ind2=' ' tag='945'><subfield code='l'>pstk </subfield><subfield code='g'>1</subfield></datafield><datafield ind1=' ' ind2=' ' tag='979'><subfield code='a'>ocn711052010</subfield></datafield><datafield ind1=' ' ind2=' ' tag='998'><subfield code='b'>1</subfield><subfield code='c'>120131</subfield><subfield code='d'>m</subfield><subfield code='e'>a</subfield><subfield code='f'>-</subfield><subfield code='g'>0</subfield></datafield><datafield ind1=' ' ind2=' ' tag='998'><subfield code='a'>01/31/12</subfield><subfield code='s'>OCLC</subfield><subfield code='c'>YL</subfield></datafield><datafield ind1=' ' ind2=' ' tag='ADM'><subfield code='b'>2018-03-15 16:28:20</subfield><subfield code='e'>b5110300x-01tuli_inst</subfield><subfield code='d'>ILS</subfield><subfield code='a'>2017-06-20 10:35:22</subfield><subfield code='c'>false</subfield></datafield><datafield ind1='0' ind2=' ' tag='HLD'><subfield code='b'>MAIN</subfield><subfield code='c'>stacks</subfield><subfield code='h'>GT3912</subfield><subfield code='i'>.W33 2011</subfield><subfield code='8'>22304316650003811</subfield></datafield><datafield ind1=' ' ind2=' ' tag='ITM'><subfield code='r'>22304316650003811</subfield><subfield code='b'>1</subfield><subfield code='h'>0</subfield><subfield code='g'>stacks</subfield><subfield code='t'>BOOK</subfield><subfield code='9'>39074026197459</subfield><subfield code='e'>stacks</subfield><subfield code='8'>23304316640003811</subfield><subfield code='a'>0</subfield><subfield code='q'>2017-06-20 10:35:22</subfield><subfield code='i'>GT3912 .W33 2011</subfield><subfield code='d'>MAIN</subfield><subfield code='f'>MAIN</subfield></datafield></record>