
<record xmlns='http://www.loc.gov/MARC21/slim'><leader>02544cam a22003854a 4500</leader><controlfield tag='005'>20170825235828.0</controlfield><controlfield tag='008'>110408s2010    enka          000 0 eng  </controlfield><controlfield tag='001'>991018183529703811</controlfield><datafield ind1=' ' ind2=' ' tag='010'><subfield code='a'>2010537813</subfield></datafield><datafield ind1=' ' ind2=' ' tag='020'><subfield code='a'>9781906967215</subfield></datafield><datafield ind1=' ' ind2=' ' tag='020'><subfield code='a'>1906967210</subfield></datafield><datafield ind1=' ' ind2=' ' tag='035'><subfield code='a'>(PPT)b49079694-01tuli_inst</subfield></datafield><datafield ind1=' ' ind2=' ' tag='035'><subfield code='a'>(OCoLC)ocn748503597</subfield><subfield code='9'>ExL</subfield></datafield><datafield ind1=' ' ind2=' ' tag='035'><subfield code='a'>(OCoLC)495599051</subfield><subfield code='z'>(OCoLC)430838803</subfield></datafield><datafield ind1=' ' ind2=' ' tag='035'><subfield code='a'>ocn495599051</subfield></datafield><datafield ind1=' ' ind2=' ' tag='035'><subfield code='a'>(OCLC)ocn495599051</subfield></datafield><datafield ind1=' ' ind2=' ' tag='040'><subfield code='a'>UKM</subfield><subfield code='c'>UKM</subfield><subfield code='d'>DLC</subfield><subfield code='d'>YDXCP</subfield><subfield code='d'>BTCTA</subfield><subfield code='d'>YDX</subfield><subfield code='d'>TXA</subfield><subfield code='d'>IG#</subfield><subfield code='d'>TTS</subfield><subfield code='d'>CDX</subfield></datafield><datafield ind1=' ' ind2=' ' tag='042'><subfield code='a'>pcc</subfield></datafield><datafield ind1=' ' ind2=' ' tag='079'><subfield code='a'>ocn495599051</subfield></datafield><datafield ind1=' ' ind2=' ' tag='090'><subfield code='a'>N7445.2</subfield><subfield code='b'>.H823 2010</subfield></datafield><datafield ind1='1' ind2=' ' tag='100'><subfield code='a'>Hubbard, Sue.</subfield></datafield><datafield ind1='1' ind2='0' tag='245'><subfield code='a'>Adventures in art :</subfield><subfield code='b'>selected writings 1990-2010 /</subfield><subfield code='c'>Sue Hubbard.</subfield></datafield><datafield ind1=' ' ind2=' ' tag='260'><subfield code='a'>London :</subfield><subfield code='b'>Other Criteria,</subfield><subfield code='c'>2010.</subfield></datafield><datafield ind1=' ' ind2=' ' tag='300'><subfield code='a'>301 p. :</subfield><subfield code='b'>ill. ;</subfield><subfield code='c'>26 cm.</subfield></datafield><datafield ind1='0' ind2=' ' tag='505'><subfield code='a'>Out of the void -- Out with the old, in with the new -- Christian Boltanski -- Helen Chadwick -- Prunella Clough -- Edwina Leapman -- Sean Scully -- Rachel Howard -- Tony Bevan -- Ed Ruscha -- Cindy Sherman -- Paula Rego -- Jock McFadyen -- Francesco Clemente -- Lucian Freud -- Rebecca Horn -- Jean Michel Basquiat -- Cathy de Monchaux -- Panamarenko -- Richard Billingham -- Tacita Dean -- Déserts -- Boris Mikhailov -- Gillian Ayres -- Keith Tyson -- Marc Quinn -- Barnett Newman -- Andres Serrano -- Wolfgang Tillmans -- Ian Hamilton Finlay -- George Shaw -- Boyle Family -- Hiroshi Sugimoto -- Hughie O&apos;Donoghue -- Raoul De Keyser -- Jason Martin -- Gabriel Orozco -- David Nash -- Thomas Joshua Cooper -- Susan Hiller -- Tracey Emin -- Richard Serra -- Howard Hodgkin -- Dark matter -- Melik Ohanian -- Gilbert &amp; George -- Andy Goldsworthy -- Antony Gormley -- Francis Bacon -- Juan Muñoz -- Maria Lassnig -- Shirazeh Houshiary -- Cy Twombly -- Mat Collishaw -- Mark Rothko -- Anselm Kiefer -- Anthony Caro -- Sam Taylor-Wood -- Jane and Louise Wilson -- Annette Messager -- Alice Neel -- Diane Arbus -- Richard Long -- Sophie Calle/John Baldessari -- Turner Prize/Anish Kapoor -- Eva Hesse -- Miroslaw Balka -- Phillip Guston -- Basil Beattie.</subfield></datafield><datafield ind1=' ' ind2='0' tag='650'><subfield code='a'>Art, Modern</subfield><subfield code='y'>20th century.</subfield></datafield><datafield ind1=' ' ind2='0' tag='650'><subfield code='a'>Art, Modern</subfield><subfield code='y'>21st century.</subfield></datafield><datafield ind1='4' ind2='2' tag='856'><subfield code='3'>Contributor biographical information</subfield><subfield code='u'>http://catdir.loc.gov/catdir/enhancements/fy1110/2010537813-b.html</subfield></datafield><datafield ind1='4' ind2='2' tag='856'><subfield code='3'>Publisher description</subfield><subfield code='u'>http://catdir.loc.gov/catdir/enhancements/fy1110/2010537813-d.html</subfield></datafield><datafield ind1=' ' ind2=' ' tag='902'><subfield code='a'>161206</subfield></datafield><datafield ind1=' ' ind2=' ' tag='907'><subfield code='a'>.b49079694</subfield><subfield code='b'>p    </subfield><subfield code='c'>-</subfield></datafield><datafield ind1=' ' ind2=' ' tag='945'><subfield code='l'>pstk </subfield><subfield code='g'>1</subfield></datafield><datafield ind1=' ' ind2=' ' tag='979'><subfield code='a'>ocn495599051</subfield></datafield><datafield ind1=' ' ind2=' ' tag='998'><subfield code='b'>1</subfield><subfield code='c'>110812</subfield><subfield code='d'>m</subfield><subfield code='e'>a</subfield><subfield code='f'>-</subfield><subfield code='g'>0</subfield></datafield><datafield ind1=' ' ind2=' ' tag='998'><subfield code='a'>08/12/11</subfield><subfield code='s'>LC</subfield><subfield code='c'>AT</subfield></datafield><datafield ind1=' ' ind2=' ' tag='ADM'><subfield code='b'>2017-08-26 03:58:28</subfield><subfield code='e'>b49079694-01tuli_inst</subfield><subfield code='d'>ILS</subfield><subfield code='a'>2017-06-20 10:12:32</subfield><subfield code='c'>false</subfield></datafield><datafield ind1='0' ind2=' ' tag='HLD'><subfield code='b'>MAIN</subfield><subfield code='c'>stacks</subfield><subfield code='h'>N7445.2</subfield><subfield code='i'>.H823 2010</subfield><subfield code='8'>22300897080003811</subfield></datafield><datafield ind1=' ' ind2=' ' tag='ITM'><subfield code='r'>22300897080003811</subfield><subfield code='b'>1</subfield><subfield code='h'>0</subfield><subfield code='g'>stacks</subfield><subfield code='t'>BOOK</subfield><subfield code='9'>39074026316364</subfield><subfield code='e'>stacks</subfield><subfield code='8'>23300897070003811</subfield><subfield code='a'>0</subfield><subfield code='q'>2017-06-20 10:12:32</subfield><subfield code='i'>N7445.2 .H823 2010</subfield><subfield code='d'>MAIN</subfield><subfield code='f'>MAIN</subfield></datafield></record>