
<record xmlns='http://www.loc.gov/MARC21/slim'><leader>02243cam a2200493Ia 4500</leader><controlfield tag='005'>20170826004510.0</controlfield><controlfield tag='008'>090521s2009    wiua     bc   001 0 eng d</controlfield><controlfield tag='001'>991036463769703811</controlfield><datafield ind1=' ' ind2=' ' tag='010'><subfield code='a'>2009924750</subfield></datafield><datafield ind1=' ' ind2=' ' tag='020'><subfield code='a'>9783791343440</subfield></datafield><datafield ind1=' ' ind2=' ' tag='020'><subfield code='a'>3791343440</subfield></datafield><datafield ind1=' ' ind2=' ' tag='020'><subfield code='z'>9780872731639 (pbk.)</subfield></datafield><datafield ind1=' ' ind2=' ' tag='020'><subfield code='z'>0872731634 (pbk.)</subfield></datafield><datafield ind1=' ' ind2=' ' tag='035'><subfield code='a'>(PPT)b41374502-01tuli_inst</subfield></datafield><datafield ind1=' ' ind2=' ' tag='035'><subfield code='a'>(OCoLC)ocn652713527</subfield><subfield code='9'>ExL</subfield></datafield><datafield ind1=' ' ind2=' ' tag='035'><subfield code='a'>(OCoLC)351309227</subfield></datafield><datafield ind1=' ' ind2=' ' tag='035'><subfield code='a'>ocn351309227</subfield></datafield><datafield ind1=' ' ind2=' ' tag='035'><subfield code='a'>(OCLC)ocn351309227</subfield></datafield><datafield ind1=' ' ind2=' ' tag='040'><subfield code='a'>BTCTA</subfield><subfield code='c'>BTCTA</subfield><subfield code='d'>BWX</subfield><subfield code='d'>YBM</subfield><subfield code='d'>YDXCP</subfield><subfield code='d'>CPL</subfield></datafield><datafield ind1=' ' ind2=' ' tag='079'><subfield code='a'>ocn351309227</subfield></datafield><datafield ind1=' ' ind2=' ' tag='090'><subfield code='a'>N6537.W28</subfield><subfield code='b'>A4 2009 </subfield></datafield><datafield ind1='1' ind2=' ' tag='100'><subfield code='a'>Warhol, Andy,</subfield><subfield code='d'>1928-1987.</subfield></datafield><datafield ind1='1' ind2='0' tag='245'><subfield code='a'>Andy Warhol, the last decade /</subfield><subfield code='c'>Joseph D. Kenter II ; with essays by Keith Hartley and Gregory Volk, and contributions by Bruno Bischofberger, Keith Haring, and Julian Schnabel.</subfield></datafield><datafield ind1=' ' ind2=' ' tag='260'><subfield code='a'>Milwaukee, WI :</subfield><subfield code='b'>Milwaukee Art Museum ;</subfield><subfield code='a'>Munich ;</subfield><subfield code='a'>New York :</subfield><subfield code='b'>DelMonico Books/Prestel,</subfield><subfield code='c'>2009.</subfield></datafield><datafield ind1=' ' ind2=' ' tag='300'><subfield code='a'>223 p. :</subfield><subfield code='b'>ill. (chiefly col.) ;</subfield><subfield code='c'>28 cm.</subfield></datafield><datafield ind1=' ' ind2=' ' tag='500'><subfield code='a'>Exhibition intinerary: Milwaukee Art Museum, Sept. 26, 2009-Jan. 3, 2010; Modern Art Museum of Fort Worth, Feb. 14-May 16, 2010; Brooklyn Museum, June 18-Sept. 12, 2010; the Baltimore Museum of Art, Oct. 17, 2010-Jan. 9, 2011.</subfield></datafield><datafield ind1=' ' ind2=' ' tag='504'><subfield code='a'>Includes bibliographical references (p. 211-216) and index.</subfield></datafield><datafield ind1='0' ind2=' ' tag='505'><subfield code='a'>Warhol&apos;s last decade : reinventing painting / Joseph D. Ketner II -- Andy Warhol : abstraction / Keith Hartley -- The late, great Andy Warhol / Gregory Volk -- Plates -- Shadow paintings / Julian Schnabel -- Collaborations : reflections on my experiences with Basquiat, Clemente, and Warhol / Bruno Bischofberger -- Painting the third mind / Keith Haring.</subfield></datafield><datafield ind1='1' ind2='0' tag='600'><subfield code='a'>Warhol, Andy,</subfield><subfield code='d'>1928-1987</subfield><subfield code='v'>Exhibitions.</subfield></datafield><datafield ind1='1' ind2=' ' tag='700'><subfield code='a'>Ketner, Joseph D.,</subfield><subfield code='c'>II,</subfield><subfield code='d'>1955-</subfield></datafield><datafield ind1='1' ind2=' ' tag='700'><subfield code='a'>Hartley, Keith</subfield><subfield code='q'>(Keith S.)</subfield></datafield><datafield ind1='1' ind2=' ' tag='700'><subfield code='a'>Volk, Gregory.</subfield></datafield><datafield ind1='1' ind2=' ' tag='700'><subfield code='a'>Bischofberger, Bruno.</subfield></datafield><datafield ind1='1' ind2=' ' tag='700'><subfield code='a'>Haring, Keith.</subfield></datafield><datafield ind1='1' ind2=' ' tag='700'><subfield code='a'>Schnabel, Julian,</subfield><subfield code='d'>1951-</subfield></datafield><datafield ind1='2' ind2=' ' tag='710'><subfield code='a'>Milwaukee Art Museum.</subfield></datafield><datafield ind1=' ' ind2=' ' tag='902'><subfield code='a'>140313</subfield></datafield><datafield ind1=' ' ind2=' ' tag='907'><subfield code='a'>.b41374502</subfield><subfield code='b'>multi</subfield><subfield code='c'>-</subfield></datafield><datafield ind1=' ' ind2=' ' tag='915'><subfield code='a'>61976</subfield></datafield><datafield ind1=' ' ind2=' ' tag='945'><subfield code='l'>jtcas</subfield><subfield code='g'>1</subfield></datafield><datafield ind1=' ' ind2=' ' tag='945'><subfield code='l'>pstk </subfield><subfield code='g'>1</subfield></datafield><datafield ind1=' ' ind2=' ' tag='979'><subfield code='a'>ocn351309227</subfield></datafield><datafield ind1=' ' ind2=' ' tag='998'><subfield code='b'>2</subfield><subfield code='c'>091001</subfield><subfield code='d'>m</subfield><subfield code='e'>a</subfield><subfield code='f'>-</subfield><subfield code='g'>0</subfield></datafield><datafield ind1=' ' ind2=' ' tag='998'><subfield code='a'>10/01/09</subfield><subfield code='s'>OCLC</subfield><subfield code='c'>AT</subfield></datafield><datafield ind1=' ' ind2=' ' tag='ADM'><subfield code='b'>2018-03-14 07:21:02</subfield><subfield code='e'>b41374502-01tuli_inst</subfield><subfield code='d'>ILS</subfield><subfield code='a'>2017-06-20 07:35:32</subfield><subfield code='c'>false</subfield></datafield><datafield ind1='0' ind2=' ' tag='HLD'><subfield code='b'>JAPAN</subfield><subfield code='c'>stacks</subfield><subfield code='h'>N6537.W28</subfield><subfield code='i'>A4 2009</subfield><subfield code='8'>22269051330003811</subfield></datafield><datafield ind1='0' ind2=' ' tag='HLD'><subfield code='b'>MAIN</subfield><subfield code='c'>stacks</subfield><subfield code='h'>N6537.W28</subfield><subfield code='i'>A4 2009</subfield><subfield code='8'>22269051310003811</subfield></datafield><datafield ind1=' ' ind2=' ' tag='ITM'><subfield code='r'>22269051330003811</subfield><subfield code='b'>1</subfield><subfield code='h'>0</subfield><subfield code='g'>stacks</subfield><subfield code='t'>BOOK</subfield><subfield code='9'>31982020032969</subfield><subfield code='e'>stacks</subfield><subfield code='8'>23269051320003811</subfield><subfield code='a'>0</subfield><subfield code='q'>2017-06-20 07:35:32</subfield><subfield code='i'>N6537.W28 A4 2009</subfield><subfield code='d'>JAPAN</subfield><subfield code='f'>JAPAN</subfield></datafield><datafield ind1=' ' ind2=' ' tag='ITM'><subfield code='r'>22269051310003811</subfield><subfield code='b'>1</subfield><subfield code='h'>0</subfield><subfield code='g'>stacks</subfield><subfield code='t'>BOOK</subfield><subfield code='9'>39074024968356</subfield><subfield code='e'>stacks</subfield><subfield code='8'>23269051300003811</subfield><subfield code='a'>0</subfield><subfield code='q'>2017-06-20 07:35:32</subfield><subfield code='i'>N6537.W28 A4 2009</subfield><subfield code='d'>MAIN</subfield><subfield code='f'>MAIN</subfield></datafield></record>