
<record xmlns='http://www.loc.gov/MARC21/slim'><leader>02473cam a2200433 a 4500</leader><controlfield tag='005'>20170826002630.0</controlfield><controlfield tag='008'>060202r20061994nyu      b    001 0 eng  </controlfield><controlfield tag='001'>991014347879703811</controlfield><datafield ind1=' ' ind2=' ' tag='010'><subfield code='a'>2006003265</subfield></datafield><datafield ind1=' ' ind2=' ' tag='020'><subfield code='a'>0415389585 (pbk.)</subfield></datafield><datafield ind1=' ' ind2=' ' tag='035'><subfield code='a'>(PPT)b30598527-01tuli_inst</subfield></datafield><datafield ind1=' ' ind2=' ' tag='035'><subfield code='a'>(CStRLIN)ocn491804604</subfield><subfield code='9'>ExL</subfield></datafield><datafield ind1=' ' ind2=' ' tag='035'><subfield code='a'>PPTb30598527 </subfield></datafield><datafield ind1=' ' ind2=' ' tag='035'><subfield code='a'>ocm63679949</subfield></datafield><datafield ind1=' ' ind2=' ' tag='035'><subfield code='a'>(OCLC)ocm63679949</subfield></datafield><datafield ind1=' ' ind2=' ' tag='040'><subfield code='a'>DLC</subfield><subfield code='c'>DLC</subfield><subfield code='d'>NhCcYBP</subfield></datafield><datafield ind1=' ' ind2=' ' tag='043'><subfield code='a'>n-us---</subfield></datafield><datafield ind1=' ' ind2=' ' tag='079'><subfield code='a'>ocm63679949</subfield></datafield><datafield ind1=' ' ind2=' ' tag='090'><subfield code='a'>E185.86</subfield><subfield code='b'>.H737 2006</subfield></datafield><datafield ind1='1' ind2=' ' tag='100'><subfield code='a'>Hooks, Bell,</subfield><subfield code='d'>1952-</subfield></datafield><datafield ind1='1' ind2='0' tag='245'><subfield code='a'>Outlaw culture :</subfield><subfield code='b'>resisting representations /</subfield><subfield code='c'>Bell Hooks.</subfield></datafield><datafield ind1=' ' ind2=' ' tag='260'><subfield code='a'>New York :</subfield><subfield code='b'>Routledge,</subfield><subfield code='c'>2006.</subfield></datafield><datafield ind1=' ' ind2=' ' tag='300'><subfield code='a'>viii, 309 p. ;</subfield><subfield code='c'>20 cm.</subfield></datafield><datafield ind1=' ' ind2='0' tag='440'><subfield code='a'>Routledge classics.</subfield></datafield><datafield ind1=' ' ind2=' ' tag='500'><subfield code='a'>Originally published: 1994.</subfield></datafield><datafield ind1=' ' ind2=' ' tag='504'><subfield code='a'>Includes bibliographical references and index.</subfield></datafield><datafield ind1='0' ind2=' ' tag='505'><subfield code='a'>The heartbeat of cultural revolution -- Power to the pussy : we don&apos;t wannabe dicks in drag -- Altars of sacrifice : re-membering Basquiat -- What&apos;s passion got to do with it? : an interview with Marie-France Alderman -- Seduction and betrayal : The crying game meets The bodyguard -- Censorship from left and right -- Talking sex : beyond the patriarchal phallic imaginary -- Camille Paglia, &quot;black&quot; pagan or white colonizer -- Dissident heat : fire with fire -- Katie Roiphe, a little feminist excess goes a long way -- Seduced by violence no more -- Gangsta culture : sexism and misogyny : who will take the rap -- Ice Cube culture : a shared passion for speaking truth -- Spending culture : marketing the black underclass -- Spike Lee doing Malcolm X : denying black pain -- Seeing and making culture : representing the poor -- Back to black : ending internalized racism -- Malcolm X, the longed-for feminist manhood -- Columbus, gone but not forgotten -- Moving into and beyond feminism : just for the joy of it -- Love as the practice of freedom.</subfield></datafield><datafield ind1=' ' ind2='0' tag='650'><subfield code='a'>African Americans</subfield><subfield code='x'>Social conditions</subfield><subfield code='y'>1975-</subfield></datafield><datafield ind1=' ' ind2='0' tag='650'><subfield code='a'>African Americans</subfield><subfield code='x'>Intellectual life.</subfield></datafield><datafield ind1=' ' ind2='0' tag='651'><subfield code='a'>United States</subfield><subfield code='x'>Race relations.</subfield></datafield><datafield ind1=' ' ind2='0' tag='650'><subfield code='a'>Feminism</subfield><subfield code='z'>United States.</subfield></datafield><datafield ind1=' ' ind2='0' tag='651'><subfield code='a'>United States</subfield><subfield code='x'>Social conditions</subfield><subfield code='y'>1980-</subfield></datafield><datafield ind1='4' ind2='2' tag='856'><subfield code='z'>Access description provided by publisher</subfield><subfield code='u'>http://www.loc.gov/catdir/enhancements/fy0654/2006003265-d.html</subfield></datafield><datafield ind1=' ' ind2=' ' tag='902'><subfield code='a'>160809</subfield></datafield><datafield ind1=' ' ind2=' ' tag='907'><subfield code='a'>.b30598527</subfield><subfield code='b'>p    </subfield><subfield code='c'>-</subfield></datafield><datafield ind1=' ' ind2=' ' tag='945'><subfield code='l'>pstk </subfield><subfield code='g'>1</subfield></datafield><datafield ind1=' ' ind2=' ' tag='979'><subfield code='a'>ocm63679949</subfield></datafield><datafield ind1=' ' ind2=' ' tag='998'><subfield code='b'>0</subfield><subfield code='c'>070117</subfield><subfield code='d'>m</subfield><subfield code='e'>a</subfield><subfield code='f'>-</subfield><subfield code='g'>0</subfield></datafield><datafield ind1=' ' ind2=' ' tag='998'><subfield code='a'>01/17/07</subfield><subfield code='s'>LC</subfield><subfield code='c'>CDC</subfield></datafield><datafield ind1=' ' ind2=' ' tag='ADM'><subfield code='b'>2018-03-25 08:55:55</subfield><subfield code='e'>b30598527-01tuli_inst</subfield><subfield code='d'>ILS</subfield><subfield code='a'>2017-06-20 14:49:36</subfield><subfield code='c'>false</subfield></datafield><datafield ind1='0' ind2=' ' tag='HLD'><subfield code='b'>MAIN</subfield><subfield code='c'>stacks</subfield><subfield code='h'>E185.86</subfield><subfield code='i'>.H737 2006</subfield><subfield code='8'>22334295980003811</subfield></datafield><datafield ind1=' ' ind2=' ' tag='ITM'><subfield code='r'>22334295980003811</subfield><subfield code='b'>1</subfield><subfield code='h'>0</subfield><subfield code='g'>stacks</subfield><subfield code='t'>BOOK</subfield><subfield code='9'>39074022508816</subfield><subfield code='e'>stacks</subfield><subfield code='8'>23334295970003811</subfield><subfield code='a'>0</subfield><subfield code='q'>2017-06-20 14:49:36</subfield><subfield code='i'>E185.86 .H737 2006</subfield><subfield code='d'>MAIN</subfield><subfield code='f'>MAIN</subfield></datafield></record>