
<record xmlns='http://www.loc.gov/MARC21/slim'><leader>04155cam a2200577Ii 4500</leader><controlfield tag='005'>20180315182746.0</controlfield><controlfield tag='008'>140314t20132013fluac    bc   000 0deng d</controlfield><controlfield tag='001'>991012824619703811</controlfield><datafield ind1=' ' ind2=' ' tag='010'><subfield code='a'>2013946261</subfield></datafield><datafield ind1=' ' ind2=' ' tag='020'><subfield code='a'>9780982119594</subfield><subfield code='q'>(hardback)</subfield></datafield><datafield ind1=' ' ind2=' ' tag='020'><subfield code='a'>0982119593</subfield><subfield code='q'>(hardback)</subfield></datafield><datafield ind1=' ' ind2=' ' tag='035'><subfield code='a'>(PPT)b58582976-01tuli_inst</subfield></datafield><datafield ind1=' ' ind2=' ' tag='035'><subfield code='a'>(OCoLC)873008058</subfield><subfield code='z'>(OCoLC)873744099</subfield></datafield><datafield ind1=' ' ind2=' ' tag='040'><subfield code='a'>YDXCP</subfield><subfield code='b'>eng</subfield><subfield code='e'>rda</subfield><subfield code='c'>YDXCP</subfield><subfield code='d'>BTCTA</subfield><subfield code='d'>BDX</subfield><subfield code='d'>DWP</subfield><subfield code='d'>OCLCO</subfield><subfield code='d'>OCLCF</subfield><subfield code='d'>CHVBK</subfield><subfield code='d'>CIA</subfield><subfield code='d'>OCLCQ</subfield><subfield code='d'>WAU</subfield><subfield code='d'>NUI</subfield><subfield code='d'>OCLCQ</subfield><subfield code='d'>ZCU</subfield></datafield><datafield ind1=' ' ind2=' ' tag='043'><subfield code='a'>n-us-fl</subfield></datafield><datafield ind1=' ' ind2='4' tag='050'><subfield code='a'>N6538.N5</subfield><subfield code='b'>R83 2013</subfield></datafield><datafield ind1=' ' ind2=' ' tag='090'><subfield code='a'>N6538.N5</subfield><subfield code='b'>R83 2013</subfield></datafield><datafield ind1='2' ind2=' ' tag='110'><subfield code='a'>Rubell Family Collection,</subfield><subfield code='e'>current owner,</subfield><subfield code='e'>publisher.</subfield></datafield><datafield ind1='1' ind2='0' tag='245'><subfield code='a'>30 Americans /</subfield><subfield code='c'>contributing writers: Robert Hobbs, Glenn Ligon, Franklin Sirmans and Michele Wallace.</subfield></datafield><datafield ind1='3' ind2=' ' tag='246'><subfield code='a'>Thirty Americans</subfield></datafield><datafield ind1='1' ind2='4' tag='246'><subfield code='a'>30 Americans, Rubell Family Collection</subfield></datafield><datafield ind1='3' ind2='0' tag='246'><subfield code='a'>Rubell Family Collection</subfield></datafield><datafield ind1=' ' ind2=' ' tag='250'><subfield code='a'>Third edition.</subfield></datafield><datafield ind1=' ' ind2='1' tag='264'><subfield code='a'>Miami, Florida :</subfield><subfield code='b'>Rubell Family Collection/Contemporary Arts Foundation,</subfield><subfield code='c'>[2013]</subfield></datafield><datafield ind1=' ' ind2='4' tag='264'><subfield code='c'>©2013</subfield></datafield><datafield ind1=' ' ind2=' ' tag='300'><subfield code='a'>223 pages :</subfield><subfield code='b'>illustrations (some color), portraits (some color) ;</subfield><subfield code='c'>29 cm</subfield></datafield><datafield ind1=' ' ind2=' ' tag='336'><subfield code='a'>text</subfield><subfield code='b'>txt</subfield><subfield code='2'>rdacontent</subfield></datafield><datafield ind1=' ' ind2=' ' tag='336'><subfield code='a'>still image</subfield><subfield code='b'>sti</subfield><subfield code='2'>rdacontent</subfield></datafield><datafield ind1=' ' ind2=' ' tag='337'><subfield code='a'>unmediated</subfield><subfield code='b'>n</subfield><subfield code='2'>rdamedia</subfield></datafield><datafield ind1=' ' ind2=' ' tag='338'><subfield code='a'>volume</subfield><subfield code='b'>nc</subfield><subfield code='2'>rdacarrier</subfield></datafield><datafield ind1=' ' ind2=' ' tag='500'><subfield code='a'>Originally published on the occasion of the exhibition 30 Americans at the Rubell Family Collection (December 3, 2008 - May 30, 2009) ; North Carolina Museum of Art, Raleigh (March 19, 2011 - September 4, 2011); Corcoran Gallery of Art, Washington, D.C. (October 1, 2011 - February 12, 2012); Chrysler Museum of Art, Norfolk (March 16, 2012 - July 15, 2012); Milwaukee Art Museum, Milwaukee (June 14 - September 8, 2013); Frist Center for the Visual Arts, Nashville (October 11, 2013 - January 12, 2014).</subfield></datafield><datafield ind1=' ' ind2=' ' tag='500'><subfield code='a'>Artists in the exhibition: Nina Chanel Abney, John Bankston, Jean-Michel Basquiat, Mark Bradford, Iona Rozeal Brown, Nick Cave, Robert Colescott, Noah Davis, Leonardo Drew, Renée Green, David Hammons, Barkley L. Hendricks, Rashid Johnson, Glenn Ligon, Kalup Linzy, Kerry James Marshall, Rodney McMillian, Wangechi Mutu, William Pope. L, Gary Simmons, Xaviera Simmons, Lorna Simpson, Shinique Smith, Jeff Sonhouse, Henry Taylor, Hank Willis Thomas, Mickalene Thomas, Kara Walker, Carrie Mae Weems, Kehinde Wiley, Purvis Young.</subfield></datafield><datafield ind1=' ' ind2=' ' tag='504'><subfield code='a'>Includes bibliographical references.</subfield></datafield><datafield ind1='0' ind2='0' tag='505'><subfield code='t'>Inside Our Process /</subfield><subfield code='r'>Rubell Family --</subfield><subfield code='g'>Untitled /</subfield><subfield code='r'>Glenn Ligon --</subfield><subfield code='t'>Art Chronicle /</subfield><subfield code='r'>Franklin Sirmans --</subfield><subfield code='t'>The African Sublime /</subfield><subfield code='r'>Michele Wallace --</subfield><subfield code='t'>Looking B(l)ack:</subfield><subfield code='t'>Reflections of White Racism /</subfield><subfield code='r'>Robert Hobbs --</subfield><subfield code='g'>Plates:</subfield><subfield code='r'>Nina Chanel Abney ;</subfield><subfield code='r'>John Bankston ;</subfield><subfield code='r'>Jean-Michel Basquiat ;</subfield><subfield code='r'>Mark Bradford ;</subfield><subfield code='r'>Iona Rozeal Brown ;</subfield><subfield code='r'>Nick Cave ;</subfield><subfield code='r'>Robert Colescott ;</subfield><subfield code='r'>Noah Davis ;</subfield><subfield code='r'>Leonardo Drew ;</subfield><subfield code='r'>Renée Green ;</subfield><subfield code='r'>David Hammons ;</subfield><subfield code='r'>Barkley L. Hendricks ;</subfield><subfield code='r'>Rashid Johnson ;</subfield><subfield code='r'>Glenn Ligon ;</subfield><subfield code='r'>Kalup Linzy ;</subfield><subfield code='r'>Kerry James Marshall ;</subfield><subfield code='r'>Rodney McMillian ;</subfield><subfield code='r'>Wangechi Mutu ;</subfield><subfield code='r'>William Pope. L ;</subfield><subfield code='r'>Gary Simmons ;</subfield><subfield code='r'>Xaviera Simmons ;</subfield><subfield code='r'>Lorna Simpson ;</subfield><subfield code='r'>Shinique Smith ;</subfield><subfield code='r'>Jeff Sonhouse ;</subfield><subfield code='r'>Henry Taylor ;</subfield><subfield code='r'>Hank Willis Thomas ;</subfield><subfield code='r'>Mickalene Thomas ;</subfield><subfield code='r'>Kara Walker ;</subfield><subfield code='r'>Carrie Mae Weems ;</subfield><subfield code='r'>Kehinde Wiley ;</subfield><subfield code='r'>Purvis Young --</subfield><subfield code='g'>Checklist --</subfield><subfield code='g'>Photography and Reproduction Credits --</subfield><subfield code='g'>Thanks.</subfield></datafield><datafield ind1='2' ind2='0' tag='610'><subfield code='a'>Rubell Family Collection</subfield><subfield code='v'>Exhibitions.</subfield></datafield><datafield ind1=' ' ind2='0' tag='650'><subfield code='a'>African American art</subfield><subfield code='y'>20th century</subfield><subfield code='v'>Exhibitions.</subfield></datafield><datafield ind1=' ' ind2='0' tag='650'><subfield code='a'>African American art</subfield><subfield code='y'>21st century</subfield><subfield code='v'>Exhibitions.</subfield></datafield><datafield ind1=' ' ind2='0' tag='650'><subfield code='a'>Art</subfield><subfield code='x'>Private collections</subfield><subfield code='z'>Florida</subfield><subfield code='z'>Miami</subfield><subfield code='v'>Exhibitions.</subfield></datafield><datafield ind1='1' ind2=' ' tag='700'><subfield code='a'>Hobbs, Robert Carleton,</subfield><subfield code='d'>1946-</subfield><subfield code='e'>author.</subfield></datafield><datafield ind1='1' ind2=' ' tag='700'><subfield code='a'>Ligon, Glenn,</subfield><subfield code='d'>1960-</subfield><subfield code='e'>author.</subfield></datafield><datafield ind1='1' ind2=' ' tag='700'><subfield code='a'>Sirmans, Franklin,</subfield><subfield code='e'>author.</subfield></datafield><datafield ind1='1' ind2=' ' tag='700'><subfield code='a'>Wallace, Michele,</subfield><subfield code='e'>author.</subfield></datafield><datafield ind1='2' ind2=' ' tag='710'><subfield code='a'>North Carolina Museum of Art,</subfield><subfield code='e'>host institution.</subfield></datafield><datafield ind1='2' ind2=' ' tag='710'><subfield code='a'>Corcoran Gallery of Art,</subfield><subfield code='e'>host institution.</subfield></datafield><datafield ind1='2' ind2=' ' tag='710'><subfield code='a'>Chrysler Museum,</subfield><subfield code='e'>host institution.</subfield></datafield><datafield ind1='2' ind2=' ' tag='710'><subfield code='a'>Milwaukee Art Museum,</subfield><subfield code='e'>host institution.</subfield></datafield><datafield ind1='2' ind2=' ' tag='710'><subfield code='a'>Frist Center for the Visual Arts (Nashville, Tenn.),</subfield><subfield code='e'>host institution.</subfield></datafield><datafield ind1=' ' ind2=' ' tag='907'><subfield code='a'>.b58582976</subfield><subfield code='b'>jt   </subfield><subfield code='c'>-</subfield></datafield><datafield ind1=' ' ind2=' ' tag='945'><subfield code='l'>jtcas</subfield><subfield code='g'>1</subfield></datafield><datafield ind1=' ' ind2=' ' tag='998'><subfield code='b'>0</subfield><subfield code='c'>151208</subfield><subfield code='d'>m</subfield><subfield code='e'>a</subfield><subfield code='f'>-</subfield><subfield code='g'>0</subfield></datafield><datafield ind1=' ' ind2=' ' tag='998'><subfield code='b'>0</subfield><subfield code='c'>151208</subfield><subfield code='d'>m</subfield><subfield code='e'>a</subfield><subfield code='f'>-</subfield><subfield code='g'>0</subfield></datafield><datafield ind1=' ' ind2=' ' tag='ADM'><subfield code='b'>2018-03-15 22:27:46</subfield><subfield code='e'>b58582976-01tuli_inst</subfield><subfield code='d'>ILS</subfield><subfield code='a'>2017-06-20 08:13:37</subfield><subfield code='c'>false</subfield></datafield><datafield ind1='0' ind2=' ' tag='HLD'><subfield code='b'>JAPAN</subfield><subfield code='c'>stacks</subfield><subfield code='h'>N6538.N5</subfield><subfield code='i'>R83 2013</subfield><subfield code='8'>22279241890003811</subfield></datafield><datafield ind1=' ' ind2=' ' tag='ITM'><subfield code='r'>22279241890003811</subfield><subfield code='b'>1</subfield><subfield code='h'>0</subfield><subfield code='g'>stacks</subfield><subfield code='t'>BOOK</subfield><subfield code='9'>31982020084143</subfield><subfield code='e'>stacks</subfield><subfield code='8'>23279241880003811</subfield><subfield code='a'>0</subfield><subfield code='q'>2017-06-20 08:13:37</subfield><subfield code='i'>N6538.N5 R83 2013</subfield><subfield code='d'>JAPAN</subfield><subfield code='f'>JAPAN</subfield></datafield></record>