
<record xmlns='http://www.loc.gov/MARC21/slim'><leader>03367cam a2200613Ii 4500</leader><controlfield tag='005'>20170826032748.0</controlfield><controlfield tag='008'>150810t20152015gw a     c    000 0 eng d</controlfield><controlfield tag='001'>991022345769703811</controlfield><datafield ind1=' ' ind2=' ' tag='020'><subfield code='a'>9783791354972</subfield></datafield><datafield ind1=' ' ind2=' ' tag='020'><subfield code='a'>3791354973</subfield></datafield><datafield ind1=' ' ind2=' ' tag='035'><subfield code='a'>(PPT)b61322052-01tuli_inst</subfield></datafield><datafield ind1=' ' ind2=' ' tag='035'><subfield code='a'>(OCoLC)917369466</subfield><subfield code='z'>(OCoLC)911498266</subfield><subfield code='z'>(OCoLC)912377116</subfield></datafield><datafield ind1=' ' ind2=' ' tag='035'><subfield code='a'>ocn917369466</subfield></datafield><datafield ind1=' ' ind2=' ' tag='035'><subfield code='a'>(OCLC)ocn917369466</subfield></datafield><datafield ind1=' ' ind2=' ' tag='040'><subfield code='a'>ERASA</subfield><subfield code='b'>eng</subfield><subfield code='e'>rda</subfield><subfield code='c'>ERASA</subfield><subfield code='d'>BTCTA</subfield><subfield code='d'>YDXCP</subfield><subfield code='d'>BDX</subfield><subfield code='d'>BRZ</subfield><subfield code='d'>OCLCO</subfield><subfield code='d'>OCLCF</subfield><subfield code='d'>OCLCO</subfield><subfield code='d'>XFF</subfield><subfield code='d'>HEBIS</subfield><subfield code='d'>OCLCO</subfield><subfield code='d'>OHX</subfield></datafield><datafield ind1='1' ind2=' ' tag='041'><subfield code='a'>eng</subfield><subfield code='a'>ger</subfield></datafield><datafield ind1=' ' ind2='7' tag='072'><subfield code='a'>ML</subfield><subfield code='2'>lcco</subfield></datafield><datafield ind1=' ' ind2=' ' tag='079'><subfield code='a'>ocn917369466</subfield></datafield><datafield ind1=' ' ind2=' ' tag='090'><subfield code='a'>N6494.J39</subfield><subfield code='b'>I36 2015</subfield></datafield><datafield ind1='0' ind2='0' tag='245'><subfield code='a'>I got rhythm :</subfield><subfield code='b'>Kunst und Jazz seit 1920 = Art and jazz since 1920 /</subfield><subfield code='c'>Herausgeber/editors, Ulrike Groos, Sven Beckstette, Markus Müller.</subfield></datafield><datafield ind1='1' ind2='1' tag='246'><subfield code='a'>I got rhythm : Art and jazz since 1920</subfield></datafield><datafield ind1=' ' ind2='1' tag='264'><subfield code='a'>München :</subfield><subfield code='b'>Prestel Verlag</subfield><subfield code='c'>[2015]</subfield></datafield><datafield ind1=' ' ind2='4' tag='264'><subfield code='c'>©2015</subfield></datafield><datafield ind1=' ' ind2=' ' tag='300'><subfield code='a'>288 pages :</subfield><subfield code='b'>illustrations (chiefly color) ;</subfield><subfield code='c'>27 x 27 cm</subfield></datafield><datafield ind1=' ' ind2=' ' tag='336'><subfield code='a'>text</subfield><subfield code='b'>txt</subfield><subfield code='2'>rdacontent</subfield></datafield><datafield ind1=' ' ind2=' ' tag='336'><subfield code='a'>still image</subfield><subfield code='b'>sti</subfield><subfield code='2'>rdacontent</subfield></datafield><datafield ind1=' ' ind2=' ' tag='337'><subfield code='a'>unmediated</subfield><subfield code='b'>n</subfield><subfield code='2'>rdamedia</subfield></datafield><datafield ind1=' ' ind2=' ' tag='338'><subfield code='a'>volume</subfield><subfield code='b'>nc</subfield><subfield code='2'>rdacarrier</subfield></datafield><datafield ind1=' ' ind2=' ' tag='500'><subfield code='a'>Published on the occasion of the exhibition held at the Kunstmuseum Stuttgart, October 10, 2015 - March 6, 2016.</subfield></datafield><datafield ind1=' ' ind2=' ' tag='500'><subfield code='a'>Essays by Anne Anlin Cheng, Daniel Milnes, George E. Lewis, and others.</subfield></datafield><datafield ind1='8' ind2=' ' tag='520'><subfield code='a'>&quot;In the 1920s and 1930s jazz from the United States took Europe by storm, conquering the ballrooms and dance halls, bars and cafés, music halls and movie theaters. The new music was the first popular phenomenon -- it was pop before pop existed -- and enthralled the bohemian world and affluent middle class as much as it did adolescents and intellectuals. With works by major artists such as Otto Dix, Max Beckmann, Marlene Dumas, Piet Mondrian, Jackson Pollock, Romare Bearden, Andy Warhol, K.R.H. Sonderborg, Verena Loewensberg, A.R. Penck, and Jean-Michel Basquiat, I Got Rhythm: Art and Jazz since 1920 demonstrates how jazz provoked a remarkable response from the art scene throughout the twentieth century. This book unites diverse artistic explorations of jazz, starting with paintings of the classic modern period, continuing with works of European and American postwar abstraction, and culminating in contemporary installations and video pieces.&quot;--</subfield><subfield code='c'>Provided by publisher.</subfield></datafield><datafield ind1=' ' ind2=' ' tag='546'><subfield code='a'>English and German.</subfield></datafield><datafield ind1=' ' ind2='0' tag='650'><subfield code='a'>Jazz in art</subfield><subfield code='v'>Exhibitions.</subfield></datafield><datafield ind1=' ' ind2='0' tag='650'><subfield code='a'>Art and music</subfield><subfield code='x'>History</subfield><subfield code='y'>20th century</subfield><subfield code='v'>Exhibitions.</subfield></datafield><datafield ind1=' ' ind2='0' tag='650'><subfield code='a'>Art, Modern</subfield><subfield code='y'>20th century</subfield><subfield code='v'>Exhibitions.</subfield></datafield><datafield ind1=' ' ind2='7' tag='650'><subfield code='a'>Art and music.</subfield><subfield code='2'>fast</subfield><subfield code='0'>(OCoLC)fst00815413</subfield></datafield><datafield ind1=' ' ind2='7' tag='650'><subfield code='a'>Art, Modern.</subfield><subfield code='2'>fast</subfield><subfield code='0'>(OCoLC)fst00816615</subfield></datafield><datafield ind1=' ' ind2='7' tag='650'><subfield code='a'>Jazz in art.</subfield><subfield code='2'>fast</subfield><subfield code='0'>(OCoLC)fst00982202</subfield></datafield><datafield ind1=' ' ind2='7' tag='648'><subfield code='a'>1900 - 1999</subfield><subfield code='2'>fast</subfield></datafield><datafield ind1=' ' ind2='7' tag='655'><subfield code='a'>Exhibition catalogs.</subfield><subfield code='2'>fast</subfield><subfield code='0'>(OCoLC)fst01424028</subfield></datafield><datafield ind1=' ' ind2='7' tag='655'><subfield code='a'>History.</subfield><subfield code='2'>fast</subfield><subfield code='0'>(OCoLC)fst01411628</subfield></datafield><datafield ind1='1' ind2=' ' tag='700'><subfield code='a'>Groos, Ulrike,</subfield><subfield code='e'>editor.</subfield></datafield><datafield ind1='1' ind2=' ' tag='700'><subfield code='a'>Beckstette, Sven,</subfield><subfield code='e'>editor.</subfield></datafield><datafield ind1='1' ind2=' ' tag='700'><subfield code='a'>Müller, Markus,</subfield><subfield code='d'>1965-</subfield><subfield code='e'>editor.</subfield></datafield><datafield ind1='1' ind2=' ' tag='700'><subfield code='a'>Cheng, Anne Anlin,</subfield><subfield code='e'>writer of text.</subfield></datafield><datafield ind1='1' ind2=' ' tag='700'><subfield code='a'>Milnes, Daniel,</subfield><subfield code='e'>writer of text.</subfield></datafield><datafield ind1='2' ind2=' ' tag='710'><subfield code='a'>Kunstmuseum Stuttgart,</subfield><subfield code='e'>host institution.</subfield></datafield><datafield ind1=' ' ind2=' ' tag='902'><subfield code='a'>160822</subfield></datafield><datafield ind1=' ' ind2=' ' tag='907'><subfield code='a'>.b61322052</subfield><subfield code='b'>p    </subfield><subfield code='c'>-</subfield></datafield><datafield ind1=' ' ind2=' ' tag='945'><subfield code='l'>pstk </subfield><subfield code='g'>1</subfield></datafield><datafield ind1=' ' ind2=' ' tag='945'><subfield code='l'>pstk </subfield><subfield code='g'>1</subfield></datafield><datafield ind1=' ' ind2=' ' tag='979'><subfield code='a'>ocn917369466</subfield></datafield><datafield ind1=' ' ind2=' ' tag='998'><subfield code='b'>1</subfield><subfield code='c'>160525</subfield><subfield code='d'>m</subfield><subfield code='e'>a</subfield><subfield code='f'>-</subfield><subfield code='g'>0</subfield></datafield><datafield ind1=' ' ind2=' ' tag='998'><subfield code='a'>05/25/16</subfield><subfield code='s'>OCLC</subfield><subfield code='c'>YL</subfield></datafield><datafield ind1=' ' ind2=' ' tag='ADM'><subfield code='b'>2018-03-15 23:24:20</subfield><subfield code='e'>b61322052-01tuli_inst</subfield><subfield code='d'>ILS</subfield><subfield code='a'>2017-06-20 07:21:30</subfield><subfield code='c'>false</subfield></datafield><datafield ind1='0' ind2=' ' tag='HLD'><subfield code='b'>MAIN</subfield><subfield code='c'>stacks</subfield><subfield code='h'>N6494.J39</subfield><subfield code='i'>I36 2015</subfield><subfield code='8'>22265150880003811</subfield></datafield><datafield ind1=' ' ind2=' ' tag='ITM'><subfield code='r'>22265150880003811</subfield><subfield code='b'>1</subfield><subfield code='h'>0</subfield><subfield code='g'>stacks</subfield><subfield code='t'>BOOK</subfield><subfield code='9'>39074030103287</subfield><subfield code='e'>stacks</subfield><subfield code='8'>23265150870003811</subfield><subfield code='a'>0</subfield><subfield code='q'>2017-06-20 07:21:30</subfield><subfield code='i'>N6494.J39 I36 2015</subfield><subfield code='d'>MAIN</subfield><subfield code='f'>MAIN</subfield></datafield><datafield ind1=' ' ind2=' ' tag='ITM'><subfield code='r'>22265150880003811</subfield><subfield code='b'>1</subfield><subfield code='h'>0</subfield><subfield code='g'>stacks</subfield><subfield code='t'>BOOK</subfield><subfield code='9'>39074026969691</subfield><subfield code='e'>stacks</subfield><subfield code='8'>23265150860003811</subfield><subfield code='a'>0</subfield><subfield code='q'>2017-06-20 07:21:30</subfield><subfield code='i'>N6494.J39 I36 2015</subfield><subfield code='d'>MAIN</subfield><subfield code='f'>MAIN</subfield></datafield></record>