
<record xmlns='http://www.loc.gov/MARC21/slim'><leader>03638cam a2200529Ia 4500</leader><controlfield tag='005'>20170826033822.0</controlfield><controlfield tag='008'>131115s2014    gw a     b    000 0deng d</controlfield><controlfield tag='001'>991023066739703811</controlfield><datafield ind1=' ' ind2=' ' tag='010'><subfield code='a'>2015391544</subfield></datafield><datafield ind1=' ' ind2=' ' tag='020'><subfield code='a'>9783837624113</subfield></datafield><datafield ind1=' ' ind2=' ' tag='020'><subfield code='a'>3837624110</subfield></datafield><datafield ind1=' ' ind2=' ' tag='035'><subfield code='a'>(PPT)b61513222-01tuli_inst</subfield></datafield><datafield ind1=' ' ind2=' ' tag='035'><subfield code='a'>(OCoLC)863195569</subfield><subfield code='z'>(OCoLC)863199954</subfield></datafield><datafield ind1=' ' ind2=' ' tag='035'><subfield code='a'>ocn863195569</subfield></datafield><datafield ind1=' ' ind2=' ' tag='035'><subfield code='a'>(OCLC)ocn863195569</subfield></datafield><datafield ind1=' ' ind2=' ' tag='040'><subfield code='a'>BTCTA</subfield><subfield code='b'>eng</subfield><subfield code='c'>BTCTA</subfield><subfield code='d'>YDXCP</subfield><subfield code='d'>BDX</subfield><subfield code='d'>OHX</subfield><subfield code='d'>EYM</subfield><subfield code='d'>OCLCO</subfield><subfield code='d'>OCLCF</subfield><subfield code='d'>JPG</subfield><subfield code='d'>ORC</subfield><subfield code='d'>HEBIS</subfield><subfield code='d'>DLC</subfield><subfield code='d'>NYP</subfield><subfield code='d'>OCLCQ</subfield></datafield><datafield ind1=' ' ind2='7' tag='072'><subfield code='a'>N</subfield><subfield code='2'>lcco</subfield></datafield><datafield ind1=' ' ind2=' ' tag='079'><subfield code='a'>ocn863195569</subfield></datafield><datafield ind1=' ' ind2=' ' tag='090'><subfield code='a'>N8217.F43</subfield><subfield code='b'>A78x 2014</subfield></datafield><datafield ind1='0' ind2='0' tag='245'><subfield code='a'>Art history and fetishism abroad :</subfield><subfield code='b'>global shiftings in media and methods /</subfield><subfield code='c'>Gabriele Genge, Angela Stercken (eds.).</subfield></datafield><datafield ind1=' ' ind2=' ' tag='260'><subfield code='a'>Bielefeld :</subfield><subfield code='b'>Transcript Verlag,</subfield><subfield code='c'>©2014.</subfield></datafield><datafield ind1=' ' ind2=' ' tag='300'><subfield code='a'>324 pages :</subfield><subfield code='b'>illustrations (some color) ;</subfield><subfield code='c'>23 cm </subfield></datafield><datafield ind1=' ' ind2=' ' tag='336'><subfield code='a'>text</subfield><subfield code='b'>txt</subfield><subfield code='2'>rdacontent</subfield></datafield><datafield ind1=' ' ind2=' ' tag='337'><subfield code='a'>unmediated</subfield><subfield code='b'>n</subfield><subfield code='2'>rdamedia</subfield></datafield><datafield ind1=' ' ind2=' ' tag='338'><subfield code='a'>volume</subfield><subfield code='b'>nc</subfield><subfield code='2'>rdacarrier</subfield></datafield><datafield ind1='1' ind2=' ' tag='490'><subfield code='a'>Image ;</subfield><subfield code='v'>Volume 54</subfield></datafield><datafield ind1=' ' ind2=' ' tag='504'><subfield code='a'>Includes bibliographical references.</subfield></datafield><datafield ind1='0' ind2='0' tag='505'><subfield code='t'>Being abroad -- an introduction /</subfield><subfield code='r'>Gabriele Genge, Angela Stercken --</subfield><subfield code='g'>Phenomenologies --</subfield><subfield code='t'>Survival of images? Fetish and the concept of the image between West Africa and Europe /</subfield><subfield code='r'>Gabriele Genge --</subfield><subfield code='t'>Speared heads. Portraits as things in 20th-century sculpture /</subfield><subfield code='r'>Hans Körner --</subfield><subfield code='t'>Fetishism from the space of Bowdich&apos;s Mission from Cape Coast Castle to Ashantee to the time of Erasmus Osei Owusu&apos;s (film) Obidi̳e Aba: time will tell /</subfield><subfield code='r'>Ikem Stanley Okoye --</subfield><subfield code='g'>Production of knowledge --</subfield><subfield code='t'>Currency affairs. Photography and productivity /</subfield><subfield code='r'>Kerstin Meincke --</subfield><subfield code='t'>Transcultural interpretation and the production of alterity: photography, materiality, and mediation in the making of &quot;African art&quot; /</subfield><subfield code='r'>Syvester Okwunodu Ogbechie --</subfield><subfield code='t'>[Arte]fact, object, image. Jean-Michel Basquiat&apos;s Archives of the Black Atlantic /</subfield><subfield code='r'>Angela Stercken --</subfield><subfield code='t'>On a pedestal? On the problem of the sculptural as a category of perception for Islamic objects /</subfield><subfield code='r'>Eva-Maria Troelenberg --</subfield><subfield code='g'>Under the influence of things --</subfield><subfield code='t'>Bocio. From nothingness to liminality and minimality /</subfield><subfield code='r'>Joseph C.E. Adandé --</subfield><subfield code='t'>Encounters with masks: counter-primitivism in 20th-century Black art /</subfield><subfield code='r'>Christian Kravagna --</subfield><subfield code='t'>Fetishising modernity: Bricolage revisited /</subfield><subfield code='r'>John Picton --</subfield><subfield code='t'>Fixing shadows: photography beyond the indexical /</subfield><subfield code='r'>Thomas Reinhardt --</subfield><subfield code='g'>Politics of identity --</subfield><subfield code='t'>Incorporations of the other -- exotic objects, tropacalism, and anthropophagy /</subfield><subfield code='r'>Alexandra Karentzos --</subfield><subfield code='t'>The court in Dakar. Political aesthetics in the post-colony /</subfield><subfield code='r'>Viktoria Schmidt-Lisenhoff --</subfield><subfield code='t'>Monumentality and transnationality: the fascination with gigantic Ding bronze vessels in modern China /</subfield><subfield code='r'>Lillian Lan-ying Tseng --</subfield><subfield code='t'>Why have there been no great forgeries? Collectors, artefacts, and the question of originality /</subfield><subfield code='r'>Melanie Ulz.</subfield></datafield><datafield ind1=' ' ind2='0' tag='650'><subfield code='a'>Fetishism in art.</subfield></datafield><datafield ind1=' ' ind2='4' tag='651'><subfield code='a'>Duisburg &lt;2011&gt;.</subfield></datafield><datafield ind1=' ' ind2='7' tag='650'><subfield code='a'>Fetishism in art.</subfield><subfield code='2'>fast</subfield><subfield code='0'>(OCoLC)fst00923421</subfield></datafield><datafield ind1=' ' ind2='7' tag='650'><subfield code='a'>Kunst.</subfield><subfield code='2'>gnd</subfield><subfield code='0'>(DE-588)4114333-4</subfield></datafield><datafield ind1=' ' ind2='7' tag='650'><subfield code='a'>Fetisch.</subfield><subfield code='2'>gnd</subfield><subfield code='0'>(DE-588)4154220-4</subfield></datafield><datafield ind1=' ' ind2='7' tag='650'><subfield code='a'>Rezeption.</subfield><subfield code='2'>gnd</subfield><subfield code='0'>(DE-588)4049716-1</subfield></datafield><datafield ind1=' ' ind2='7' tag='650'><subfield code='a'>Kunstgeschichtsschreibung.</subfield><subfield code='2'>gnd</subfield><subfield code='0'>(DE-588)4033643-8</subfield></datafield><datafield ind1=' ' ind2='7' tag='650'><subfield code='a'>Postkolonialismus.</subfield><subfield code='2'>gnd</subfield><subfield code='0'>(DE-588)4566658-1</subfield></datafield><datafield ind1=' ' ind2='7' tag='650'><subfield code='a'>Kunstproduktion.</subfield><subfield code='2'>gnd</subfield><subfield code='0'>(DE-588)4166043-2</subfield></datafield><datafield ind1=' ' ind2='7' tag='651'><subfield code='a'>Afrika.</subfield><subfield code='2'>gnd</subfield><subfield code='0'>(DE-588)4000695-5</subfield></datafield><datafield ind1='1' ind2=' ' tag='700'><subfield code='a'>Genge, Gabriele.</subfield></datafield><datafield ind1='1' ind2=' ' tag='700'><subfield code='a'>Stercken, Angela.</subfield></datafield><datafield ind1=' ' ind2='0' tag='830'><subfield code='a'>Image (Transcript (Firm)) ;</subfield><subfield code='v'>Volume 54.</subfield></datafield><datafield ind1=' ' ind2=' ' tag='902'><subfield code='a'>161214</subfield></datafield><datafield ind1=' ' ind2=' ' tag='907'><subfield code='a'>.b61513222</subfield><subfield code='b'>p    </subfield><subfield code='c'>-</subfield></datafield><datafield ind1=' ' ind2=' ' tag='945'><subfield code='l'>pstk </subfield><subfield code='g'>1</subfield></datafield><datafield ind1=' ' ind2=' ' tag='979'><subfield code='a'>ocn863195569</subfield></datafield><datafield ind1=' ' ind2=' ' tag='998'><subfield code='b'>1</subfield><subfield code='c'>160701</subfield><subfield code='d'>m</subfield><subfield code='e'>a</subfield><subfield code='f'>-</subfield><subfield code='g'>0</subfield></datafield><datafield ind1=' ' ind2=' ' tag='998'><subfield code='a'>07/01/16</subfield><subfield code='s'>OCLC</subfield><subfield code='c'>YL</subfield></datafield><datafield ind1=' ' ind2=' ' tag='ADM'><subfield code='b'>2017-08-26 07:38:22</subfield><subfield code='e'>b61513222-01tuli_inst</subfield><subfield code='d'>ILS</subfield><subfield code='a'>2017-06-20 11:48:45</subfield><subfield code='c'>false</subfield></datafield><datafield ind1='0' ind2=' ' tag='HLD'><subfield code='b'>MAIN</subfield><subfield code='c'>stacks</subfield><subfield code='h'>N8217.F43</subfield><subfield code='i'>A78x 2014</subfield><subfield code='8'>22313854080003811</subfield></datafield><datafield ind1=' ' ind2=' ' tag='ITM'><subfield code='r'>22313854080003811</subfield><subfield code='b'>1</subfield><subfield code='h'>0</subfield><subfield code='g'>stacks</subfield><subfield code='t'>BOOK</subfield><subfield code='9'>39074030124978</subfield><subfield code='e'>stacks</subfield><subfield code='8'>23313854070003811</subfield><subfield code='a'>0</subfield><subfield code='q'>2017-06-20 11:48:45</subfield><subfield code='i'>N8217.F43 A78x 2014</subfield><subfield code='d'>MAIN</subfield><subfield code='f'>MAIN</subfield></datafield></record>