
<record xmlns='http://www.loc.gov/MARC21/slim'><leader>02902cam a2200409 a 4500</leader><controlfield tag='005'>20180315171833.0</controlfield><controlfield tag='008'>100721s2011    nyua          000 0 eng d</controlfield><controlfield tag='001'>991008468459703811</controlfield><datafield ind1=' ' ind2=' ' tag='020'><subfield code='a'>9780847836178 (hardcover) :</subfield><subfield code='c'>$39.95</subfield></datafield><datafield ind1=' ' ind2=' ' tag='020'><subfield code='a'>0847836177 (hardcover) :</subfield><subfield code='c'>$39.95</subfield></datafield><datafield ind1=' ' ind2=' ' tag='020'><subfield code='a'>9780847836482 (paperback)</subfield></datafield><datafield ind1=' ' ind2=' ' tag='020'><subfield code='a'>0847836487 (paperback)</subfield></datafield><datafield ind1=' ' ind2=' ' tag='035'><subfield code='a'>(PPT)b45737538-01tuli_inst</subfield></datafield><datafield ind1=' ' ind2=' ' tag='035'><subfield code='a'>(OCoLC)ocn727109806</subfield><subfield code='9'>ExL</subfield></datafield><datafield ind1=' ' ind2=' ' tag='035'><subfield code='a'>(OCoLC)650211583</subfield></datafield><datafield ind1=' ' ind2=' ' tag='035'><subfield code='a'>ocn650211583</subfield></datafield><datafield ind1=' ' ind2=' ' tag='035'><subfield code='a'>(OCLC)ocn650211583</subfield></datafield><datafield ind1=' ' ind2=' ' tag='040'><subfield code='a'>BTCTA</subfield><subfield code='b'>eng</subfield><subfield code='c'>BTCTA</subfield><subfield code='d'>YDXCP</subfield><subfield code='d'>ERASA</subfield><subfield code='d'>OCO</subfield><subfield code='d'>CIA</subfield><subfield code='d'>N15</subfield><subfield code='d'>PPT</subfield></datafield><datafield ind1=' ' ind2=' ' tag='079'><subfield code='a'>ocn650211583</subfield></datafield><datafield ind1=' ' ind2=' ' tag='090'><subfield code='a'>ND2608</subfield><subfield code='b'>.A78 2011</subfield></datafield><datafield ind1='0' ind2='0' tag='245'><subfield code='a'>Art in the streets /</subfield><subfield code='c'>organized by Jeffrey Deitch ; with Roger Gastman and Aaron Rose.</subfield></datafield><datafield ind1=' ' ind2=' ' tag='260'><subfield code='a'>New York :</subfield><subfield code='b'>Skira Rizzoli ;</subfield><subfield code='a'>Los Angeles, Calif. :</subfield><subfield code='b'>MOCA,</subfield><subfield code='c'>c2011.</subfield></datafield><datafield ind1=' ' ind2=' ' tag='300'><subfield code='a'>319 p. :</subfield><subfield code='b'>col. ill. ;</subfield><subfield code='c'>28 cm.</subfield></datafield><datafield ind1=' ' ind2=' ' tag='500'><subfield code='a'>&quot;Accompanies the exhibition ... presented at The Museum of Contemporary Art, Los Angeles, The Geffen Contemporary at MOCA, 17 April-8 August 2011, and at the Brooklyn Museum, New York, 30 March-8 July 2012.&quot;--Colophon.</subfield></datafield><datafield ind1='0' ind2=' ' tag='505'><subfield code='a'>Art in the streets / Jeffrey Deitch -- The writing on the wall / Carlo McCormick -- The birth of Wild style / Charlie Ahearn, Patti Astor, Fab 5 Freddy, Lee Quiñones, with Jeffrey Deitch and Carlo McCormick -- &quot;Rapture&quot; / Fab 5 Freddy -- Futura / talks with Fab 5 Freddy -- Martin Wong / Carlo McCormick -- Characters / Todd James -- Rammellzee / Fab 5 Freddy -- Samo/Jean-Michel Basquiat / Fab 5 Freddy -- Keith Haring / Jeffrey Deitch -- Dark angels of dust : David Hammons and the art of streetwise transcendentalism / Greg Tate -- Dash Snow/IRAK / Kathy Grayson -- Swoon / talks with Lydia Yee -- Cholo graffiti / Chaz Bojórquez, Gusmano Cesaretti, Estevan Oriol, with Cheech Marin -- Mister Cartoon / talk with Brian Grazer -- From yards to heavens / Eklips, Prime, Risk, Slick, Soon, Wisk, with Zio Fulcher and Roger Gastman -- Skate and destroy / Shepard Fairey, Craig R. Stecyk III, with Aaron Rose -- Barry McGee / talks with Aaron Rose -- Margaret Kilgallen / Jeffrey Deitch -- Monikers / Bill Daniel -- Os Gemeos talk about how they became artists -- Malcolm McLaren / Carlo McCormick -- Banksy -- André / talks with Aaron Rose -- Street art as a threshold phenomenon / Diedrich Diederichsen -- Fashion hits the streets / Hiroshi Fujiwara, Nigo, Stash, Jun Takahashi, with Fraser Cooke.</subfield></datafield><datafield ind1=' ' ind2='0' tag='650'><subfield code='a'>Graffiti</subfield><subfield code='z'>California</subfield><subfield code='z'>Los Angeles</subfield><subfield code='v'>Exhibitions.</subfield></datafield><datafield ind1=' ' ind2='0' tag='650'><subfield code='a'>Street art</subfield><subfield code='z'>California</subfield><subfield code='z'>Los Angeles</subfield><subfield code='v'>Exhibitions.</subfield></datafield><datafield ind1='1' ind2=' ' tag='700'><subfield code='a'>Deitch, Jeffrey.</subfield></datafield><datafield ind1='1' ind2=' ' tag='700'><subfield code='a'>Gastman, Roger.</subfield></datafield><datafield ind1='1' ind2=' ' tag='700'><subfield code='a'>Rose, Aaron.</subfield></datafield><datafield ind1='2' ind2=' ' tag='710'><subfield code='a'>Museum of Contemporary Art (Los Angeles, Calif.)</subfield></datafield><datafield ind1='2' ind2=' ' tag='710'><subfield code='a'>Brooklyn Museum.</subfield></datafield><datafield ind1=' ' ind2=' ' tag='907'><subfield code='a'>.b45737538</subfield><subfield code='b'>p    </subfield><subfield code='c'>-</subfield></datafield><datafield ind1=' ' ind2=' ' tag='945'><subfield code='l'>pstk </subfield><subfield code='g'>1</subfield></datafield><datafield ind1=' ' ind2=' ' tag='979'><subfield code='a'>ocn650211583</subfield></datafield><datafield ind1=' ' ind2=' ' tag='998'><subfield code='b'>0</subfield><subfield code='c'>110504</subfield><subfield code='d'>m</subfield><subfield code='e'>a</subfield><subfield code='f'>-</subfield><subfield code='g'>0</subfield></datafield><datafield ind1=' ' ind2=' ' tag='998'><subfield code='a'>05/04/11</subfield><subfield code='s'>OCLC</subfield><subfield code='c'>RM</subfield></datafield><datafield ind1='0' ind2=' ' tag='HLD'><subfield code='b'>MAIN</subfield><subfield code='c'>stacks</subfield><subfield code='h'>ND2608</subfield><subfield code='i'>.A78 2011</subfield><subfield code='8'>22280130830003811</subfield></datafield><datafield ind1=' ' ind2=' ' tag='ITM'><subfield code='b'>1</subfield><subfield code='h'>0</subfield><subfield code='g'>stacks</subfield><subfield code='9'>39074027615921</subfield><subfield code='e'>stacks</subfield><subfield code='8'>23280130820003811</subfield><subfield code='a'>0</subfield><subfield code='q'>2017-06-20 08:17:51</subfield><subfield code='i'>ND2608 .A78 2011</subfield><subfield code='d'>MAIN</subfield><subfield code='r'>2018-05-16 22:15:52</subfield><subfield code='f'>MAIN</subfield></datafield></record>