
<record xmlns='http://www.loc.gov/MARC21/slim'><leader>01457nam  22003614a 4500</leader><controlfield tag='001'>991036757674003811</controlfield><controlfield tag='005'>20170815154741.0</controlfield><controlfield tag='006'>m     o  d |      </controlfield><controlfield tag='007'>cr -n---------</controlfield><controlfield tag='008'>100206s2010    ncua    o     000 0 eng d</controlfield><datafield ind1=' ' ind2=' ' tag='020'><subfield code='a'>1-283-03670-3</subfield></datafield><datafield ind1=' ' ind2=' ' tag='020'><subfield code='a'>9786613036704</subfield></datafield><datafield ind1=' ' ind2=' ' tag='020'><subfield code='a'>0-8223-9267-4</subfield></datafield><datafield ind1=' ' ind2=' ' tag='035'><subfield code='a'>(CKB)2630000000000009</subfield></datafield><datafield ind1=' ' ind2=' ' tag='035'><subfield code='a'>(EBL)1171702</subfield></datafield><datafield ind1=' ' ind2=' ' tag='035'><subfield code='a'>(SSID)ssj0000392824</subfield></datafield><datafield ind1=' ' ind2=' ' tag='035'><subfield code='a'>(PQKBManifestationID)12171288</subfield></datafield><datafield ind1=' ' ind2=' ' tag='035'><subfield code='a'>(PQKBTitleCode)TC0000392824</subfield></datafield><datafield ind1=' ' ind2=' ' tag='035'><subfield code='a'>(PQKBWorkID)10361418</subfield></datafield><datafield ind1=' ' ind2=' ' tag='035'><subfield code='a'>(PQKB)11078073</subfield></datafield><datafield ind1=' ' ind2=' ' tag='035'><subfield code='a'>504583886</subfield></datafield><datafield ind1=' ' ind2=' ' tag='035'><subfield code='a'>(MiAaPQ)EBC1171702</subfield></datafield><datafield ind1=' ' ind2=' ' tag='035'><subfield code='a'>(EXLCZ)992630000000000009</subfield></datafield><datafield ind1=' ' ind2=' ' tag='040'><subfield code='a'>MiAaPQ</subfield><subfield code='c'>MiAaPQ</subfield><subfield code='d'>MiAaPQ</subfield></datafield><datafield ind1=' ' ind2=' ' tag='041'><subfield code='a'>eng</subfield></datafield><datafield ind1=' ' ind2=' ' tag='049'><subfield code='a'>NDDP</subfield></datafield><datafield ind1=' ' ind2='4' tag='050'><subfield code='a'>PS3563.O8867</subfield><subfield code='b'>B54 2010</subfield></datafield><datafield ind1='0' ind2='0' tag='082'><subfield code='a'>811/.6</subfield></datafield><datafield ind1='1' ind2=' ' tag='100'><subfield code='a'>Moten, Fred.</subfield></datafield><datafield ind1='1' ind2='0' tag='245'><subfield code='a'>B Jenkins</subfield><subfield code='h'>[electronic resource] /</subfield><subfield code='c'>Fred Moten.</subfield></datafield><datafield ind1=' ' ind2=' ' tag='260'><subfield code='a'>Durham :</subfield><subfield code='b'>Duke University Press,</subfield><subfield code='c'>2010.</subfield></datafield><datafield ind1=' ' ind2=' ' tag='300'><subfield code='a'>1 online resource (126 p.)</subfield></datafield><datafield ind1=' ' ind2=' ' tag='336'><subfield code='a'>text</subfield><subfield code='b'>txt</subfield></datafield><datafield ind1=' ' ind2=' ' tag='337'><subfield code='a'>computer</subfield><subfield code='b'>c</subfield></datafield><datafield ind1=' ' ind2=' ' tag='338'><subfield code='a'>online resource</subfield><subfield code='b'>cr</subfield></datafield><datafield ind1='1' ind2=' ' tag='490'><subfield code='a'>Refiguring American music</subfield></datafield><datafield ind1=' ' ind2=' ' tag='500'><subfield code='a'>Description based upon print version of record.</subfield></datafield><datafield ind1='0' ind2=' ' tag='505'><subfield code='a'>Contents; B Jenkins; Gayl Jones; Billie Holiday/Roland Barthes; Wanda Jean Allen/Kendall Thomas; Jeanne Moreau/Miles Davis; Charlie Jenkins; James Brown; Henry Dumas; Fishbone/Joseph Jarman; Elvin Jones, Malachi Favors, Steve Lacy; Alexander Weheliye, Lygia Clark, Ed Roberson; Sherrie Tucker, Francis Ponge, Sun Ra; Gary Fisher; Yopie Prins; Robert Farris Thompson; Brent Edwards; Bessie Smith; Jean-michel Basquiat; Alice Key; James Baldwin; William Parker/Fred McDowell; Cecil Taylor/Almeida Ragland; Tony Oxley/Frederick Douglass; Walter Benjamin/Julian Boyd; Peck Curtis; John Thompson</subfield></datafield><datafield ind1='8' ind2=' ' tag='505'><subfield code='a'>George Gervin/Michael FriedAdrian Piper; José Muñoz; Michael Hanchard/Woodie Guthrie; Thelma Foote/Lindon Barrett; Elizabeth Cotten/Nahum Chandler; Ann Cvetkovich/Kathleen Stewart; Frank Ramsay/Nancy Wilson; Arthur Jafa And Greg Tate; Joe Torra; Piet Mondrian; Nathaniel Mackey; Marie Jenkins; Q. B. Bush; Sleater-kinney; Eric Dolphy; General Baker; Johnny Cash/Rosetta Tharp; Pam Grier; Bobby Bland; La Niña De Los Peines; Laura Harris; Betty Carter; William Corbett; June Jordan; Murray Jackson; Curtis Mayfield; Carrie Tirado Bremen; Margaret Walker/Audre Lorde; Audre Lorde/Kara Keeling</subfield></datafield><datafield ind1='8' ind2=' ' tag='505'><subfield code='a'>Chrisshonna Grant/Victor FeldmanToni Morrison/Renee Gladman; Njeeri Wa Thiong&apos;o; John Work; Barbara Lee; Mike Davis And Glynda White; Charlie Parker; Birdia Mott; Julian Djibril; Lorenzo Bird; Fred Hopkins; B Jenkins; &quot;Words Don&apos;t Go There&quot;: An Interview with Fred Moten</subfield></datafield><datafield ind1=' ' ind2=' ' tag='520'><subfield code='a'>This fourth collection of poetry from the literary and cultural critic Fred Moten is an elegy to his mother and an inquiry into language, music, performance, improvisation, and the black radical tradition.</subfield></datafield><datafield ind1=' ' ind2=' ' tag='546'><subfield code='a'>English</subfield></datafield><datafield ind1=' ' ind2='7' tag='650'><subfield code='a'>American Literature</subfield><subfield code='2'>HILCC</subfield></datafield><datafield ind1=' ' ind2='7' tag='650'><subfield code='a'>English</subfield><subfield code='2'>HILCC</subfield></datafield><datafield ind1=' ' ind2='7' tag='650'><subfield code='a'>Languages &amp; Literatures</subfield><subfield code='2'>HILCC</subfield></datafield><datafield ind1=' ' ind2='4' tag='655'><subfield code='a'>Electronic books.</subfield></datafield><datafield ind1='1' ind2=' ' tag='700'><subfield code='a'>McGovern, Charles.</subfield></datafield><datafield ind1='1' ind2=' ' tag='700'><subfield code='a'>Kun, Josh.</subfield></datafield><datafield ind1=' ' ind2=' ' tag='776'><subfield code='z'>0-8223-4696-6</subfield></datafield><datafield ind1=' ' ind2=' ' tag='776'><subfield code='z'>0-8223-4684-2</subfield></datafield><datafield ind1=' ' ind2='0' tag='830'><subfield code='a'>Refiguring American Music</subfield></datafield><datafield ind1=' ' ind2=' ' tag='906'><subfield code='a'>BOOK</subfield></datafield><datafield ind1=' ' ind2=' ' tag='ADM'><subfield code='b'>2017-11-29 12:49:29</subfield><subfield code='e'>992630000000000009</subfield><subfield code='d'>NON_SFX</subfield><subfield code='f'>20160803134623.0</subfield><subfield code='a'>2012-02-25 21:30:39</subfield><subfield code='c'>false</subfield></datafield><datafield ind1=' ' ind2=' ' tag='PRT'><subfield code='a'>53355808430003811</subfield><subfield code='b'>https://sandbox01-na.alma.exlibrisgroup.com/view/uresolver/01TULI_INST/openurl?u.ignore_date_coverage=true&amp;rft.mms_id=991036757674003811</subfield><subfield code='e'>eDuke eBooks</subfield><subfield code='9'>Available</subfield><subfield code='c'>eDuke 2010 Books</subfield><subfield code='h'>613430000000000005</subfield><subfield code='8'>53355808430003811</subfield></datafield></record>