
<record xmlns='http://www.loc.gov/MARC21/slim'><leader>02833cam a2200397 a 4500</leader><controlfield tag='005'>20180315164830.0</controlfield><controlfield tag='008'>091015s2010    nyu      b    001 0 eng  </controlfield><controlfield tag='001'>991005621229703811</controlfield><datafield ind1=' ' ind2=' ' tag='010'><subfield code='a'>2009043745</subfield></datafield><datafield ind1=' ' ind2=' ' tag='020'><subfield code='a'>9780231148184 (cloth : alk. paper)</subfield></datafield><datafield ind1=' ' ind2=' ' tag='020'><subfield code='a'>0231148186 (cloth : alk. paper)</subfield></datafield><datafield ind1=' ' ind2=' ' tag='020'><subfield code='a'>9780231148191 (pbk. : alk. paper)</subfield></datafield><datafield ind1=' ' ind2=' ' tag='020'><subfield code='a'>0231148194 (pbk. : alk. paper)</subfield></datafield><datafield ind1=' ' ind2=' ' tag='035'><subfield code='a'>(PPT)b44176120-01tuli_inst</subfield></datafield><datafield ind1=' ' ind2=' ' tag='035'><subfield code='a'>(OCoLC)ocn683427324</subfield><subfield code='9'>ExL</subfield></datafield><datafield ind1=' ' ind2=' ' tag='035'><subfield code='a'>(OCoLC)456977641</subfield></datafield><datafield ind1=' ' ind2=' ' tag='035'><subfield code='a'>ocn456977641</subfield></datafield><datafield ind1=' ' ind2=' ' tag='035'><subfield code='a'>(OCLC)ocn456977641</subfield></datafield><datafield ind1=' ' ind2=' ' tag='040'><subfield code='a'>DLC</subfield><subfield code='c'>DLC</subfield><subfield code='d'>YDX</subfield><subfield code='d'>YDXCP</subfield><subfield code='d'>UKM</subfield><subfield code='d'>BWX</subfield><subfield code='d'>CDX</subfield><subfield code='d'>VVC</subfield></datafield><datafield ind1=' ' ind2=' ' tag='043'><subfield code='a'>n-us-ny</subfield></datafield><datafield ind1=' ' ind2=' ' tag='079'><subfield code='a'>ocn456977641</subfield></datafield><datafield ind1=' ' ind2=' ' tag='090'><subfield code='a'>F128.9.S75</subfield><subfield code='b'>H57 2010</subfield></datafield><datafield ind1='0' ind2='0' tag='245'><subfield code='a'>Hispanic New York :</subfield><subfield code='b'>a sourcebook /</subfield><subfield code='c'>edited by Claudio Iván Remeseira.</subfield></datafield><datafield ind1=' ' ind2=' ' tag='260'><subfield code='a'>New York :</subfield><subfield code='b'>Columbia University Press,</subfield><subfield code='c'>c2010.</subfield></datafield><datafield ind1=' ' ind2=' ' tag='300'><subfield code='a'>xxiv, 547 p. ;</subfield><subfield code='c'>24 cm.</subfield></datafield><datafield ind1='0' ind2=' ' tag='505'><subfield code='a'>Introduction : New york city and the emergence of a new hemispheric identity / Remeseira -- The evolution of the latino community in new york : Nineteenth century to late twentieth century / Haslip-Viera -- A vindication of cuba : Our america / Martí -- Memoirs of bernardo vega : A contribution to the history of the peurto rican community in new york (excerpts) / Vega -- Halfway to dick and jane : A peurto rican pilgrimage / Agüeros -- New york : Teetering on the heights / Suro -- The hispanic impact upon the united states / Beardsley -- In search of latinas in u.c. history, 1540-1970s / Korrol -- The spanish element in our nationality / Whitman -- Racial themes in the literature : Puerto ricans and other latinos / Rodríguez -- The emergence of latino panethnicity / Ricourt, Danta -- Creole religions of the caribbean / Olmos, Paravisini-Gebert -- New york city : Center and transit point for hispanic cultural nomadism / Cañas -- Puerto rican voices in english / Hernández -- Spanish in new york / Zentella -- Spanish in new york : A moving landscape / Molina -- New york&apos;s latin music landmarks / Figueroa -- The story of nuyorican salsa / Morales -- Mariachi reverie / Berman -- The art of babel in the americas / Pérez-Oramas -- The life and passion of jean-michel basquiat / Negrón-Muntaner -- A splendid outsider : Archie milton huntington and the hispanic heritage in the united states / Remeseira -- Carlos gardel in new york : The birth of a hispanic-american myth / Remeseira</subfield></datafield><datafield ind1=' ' ind2=' ' tag='504'><subfield code='a'>Includes bibliographical references and indexes.</subfield></datafield><datafield ind1=' ' ind2='0' tag='650'><subfield code='a'>Hispanic Americans</subfield><subfield code='z'>New York (State)</subfield><subfield code='z'>New York</subfield><subfield code='x'>History</subfield><subfield code='v'>Sources.</subfield></datafield><datafield ind1=' ' ind2='0' tag='651'><subfield code='a'>New York (N.Y.)</subfield><subfield code='x'>History</subfield><subfield code='v'>Sources.</subfield></datafield><datafield ind1='1' ind2=' ' tag='700'><subfield code='a'>Remeseira, Claudio Iván.</subfield></datafield><datafield ind1=' ' ind2=' ' tag='907'><subfield code='a'>.b44176120</subfield><subfield code='b'>p    </subfield><subfield code='c'>-</subfield></datafield><datafield ind1=' ' ind2=' ' tag='945'><subfield code='l'>pstk </subfield><subfield code='g'>1</subfield></datafield><datafield ind1=' ' ind2=' ' tag='945'><subfield code='l'>pstk </subfield><subfield code='g'>1</subfield></datafield><datafield ind1=' ' ind2=' ' tag='979'><subfield code='a'>ocn456977641</subfield></datafield><datafield ind1=' ' ind2=' ' tag='998'><subfield code='b'>2</subfield><subfield code='c'>100916</subfield><subfield code='d'>m</subfield><subfield code='e'>a</subfield><subfield code='f'>-</subfield><subfield code='g'>0</subfield></datafield><datafield ind1=' ' ind2=' ' tag='998'><subfield code='a'>09/16/10</subfield><subfield code='s'>LC</subfield><subfield code='c'>YL</subfield></datafield><datafield ind1=' ' ind2=' ' tag='ADM'><subfield code='b'>2018-03-15 20:48:30</subfield><subfield code='e'>b44176120-01tuli_inst</subfield><subfield code='d'>ILS</subfield><subfield code='a'>2017-06-20 14:53:19</subfield><subfield code='c'>false</subfield></datafield><datafield ind1='0' ind2=' ' tag='HLD'><subfield code='b'>MAIN</subfield><subfield code='c'>stacks</subfield><subfield code='h'>F128.9.S75</subfield><subfield code='i'>H57 2010</subfield><subfield code='8'>22334722590003811</subfield></datafield><datafield ind1=' ' ind2=' ' tag='ITM'><subfield code='r'>22334722590003811</subfield><subfield code='b'>1</subfield><subfield code='h'>0</subfield><subfield code='g'>stacks</subfield><subfield code='t'>BOOK</subfield><subfield code='9'>39074026210906</subfield><subfield code='e'>stacks</subfield><subfield code='8'>23334722570003811</subfield><subfield code='a'>0</subfield><subfield code='q'>2017-06-20 14:53:19</subfield><subfield code='i'>F128.9.S75 H57 2010</subfield><subfield code='d'>MAIN</subfield><subfield code='f'>MAIN</subfield></datafield><datafield ind1=' ' ind2=' ' tag='ITM'><subfield code='r'>22334722590003811</subfield><subfield code='b'>1</subfield><subfield code='h'>0</subfield><subfield code='g'>stacks</subfield><subfield code='t'>BOOK</subfield><subfield code='9'>39074025213430</subfield><subfield code='e'>stacks</subfield><subfield code='8'>23334722580003811</subfield><subfield code='a'>0</subfield><subfield code='q'>2017-06-20 14:53:19</subfield><subfield code='i'>F128.9.S75 H57 2010</subfield><subfield code='d'>MAIN</subfield><subfield code='f'>MAIN</subfield></datafield></record>