
<record xmlns='http://www.loc.gov/MARC21/slim'><leader>02925cam a2200421 a 4500</leader><controlfield tag='005'>20180315165705.0</controlfield><controlfield tag='008'>100520s2010    gw a          000 0 eng  </controlfield><controlfield tag='001'>991007015009703811</controlfield><datafield ind1=' ' ind2=' ' tag='010'><subfield code='a'>2010930558</subfield></datafield><datafield ind1=' ' ind2=' ' tag='020'><subfield code='a'>9783791344706 (pbk.)</subfield></datafield><datafield ind1=' ' ind2=' ' tag='020'><subfield code='a'>3791344706 (pbk.)</subfield></datafield><datafield ind1=' ' ind2=' ' tag='035'><subfield code='a'>(PPT)b45049907-01tuli_inst</subfield></datafield><datafield ind1=' ' ind2=' ' tag='035'><subfield code='a'>(OCoLC)ocn698178223</subfield><subfield code='9'>ExL</subfield></datafield><datafield ind1=' ' ind2=' ' tag='035'><subfield code='a'>(OCoLC)630456687</subfield></datafield><datafield ind1=' ' ind2=' ' tag='035'><subfield code='a'>ocn630456687</subfield></datafield><datafield ind1=' ' ind2=' ' tag='035'><subfield code='a'>(OCLC)ocn630456687</subfield></datafield><datafield ind1=' ' ind2=' ' tag='040'><subfield code='a'>UKM</subfield><subfield code='c'>UKM</subfield><subfield code='d'>BTCTA</subfield><subfield code='d'>YDXCP</subfield><subfield code='d'>GWDNB</subfield><subfield code='d'>ZPX</subfield><subfield code='d'>ABG</subfield><subfield code='d'>SGB</subfield><subfield code='d'>ABG</subfield><subfield code='d'>BKX</subfield><subfield code='d'>GO3</subfield><subfield code='d'>CNCGM</subfield><subfield code='d'>OHX</subfield><subfield code='d'>HEBIS</subfield><subfield code='d'>CDX</subfield></datafield><datafield ind1='1' ind2=' ' tag='041'><subfield code='a'>eng</subfield><subfield code='h'>ger</subfield></datafield><datafield ind1=' ' ind2=' ' tag='079'><subfield code='a'>ocn630456687</subfield></datafield><datafield ind1=' ' ind2=' ' tag='090'><subfield code='a'>N8354</subfield><subfield code='b'>.W45313 2010</subfield></datafield><datafield ind1='1' ind2=' ' tag='100'><subfield code='a'>Weidemann, Christiane.</subfield></datafield><datafield ind1='1' ind2='0' tag='245'><subfield code='a'>50 modern artists you should know /</subfield><subfield code='c'>Christiane Weidemann, Christine Nippe ; [translated from the German by Paul Aston].</subfield></datafield><datafield ind1='3' ind2=' ' tag='246'><subfield code='a'>Fifty modern artists you should know</subfield></datafield><datafield ind1='3' ind2='0' tag='246'><subfield code='a'>Modern artists you should know</subfield></datafield><datafield ind1=' ' ind2=' ' tag='260'><subfield code='a'>Munich ;</subfield><subfield code='a'>New York:</subfield><subfield code='b'>Prestel,</subfield><subfield code='c'>c 2010.</subfield></datafield><datafield ind1=' ' ind2=' ' tag='300'><subfield code='a'>157 p. :</subfield><subfield code='b'>col. ill. ;</subfield><subfield code='c'>25 cm.</subfield></datafield><datafield ind1='0' ind2=' ' tag='505'><subfield code='a'>James McNeill Whistler -- Paul Cézanne -- Claude Monet -- Auguste Rodin -- Henri Rousseau -- Mary Cassatt -- Paul Gauguin -- Vincent van Gogh -- Georges Seurat -- Gustav Klimt -- Edvard Munch -- Henri de Toulouse-Lautrec -- Vasily Kandinsky -- Henri Matisse -- Paul Klee -- Kasimir Malevich -- Franz Marc -- Ernst Ludwig Kirchner -- Pablo Picasso -- Edward Hopper -- Marc Chagall -- Marcel Duchamp -- Georgia O&apos;Keefe -- Giorgio de Chirico -- Egon Schiele -- Max Ernst -- Joan Miró -- René Magritte -- Henry Moore -- Mark Rothko -- Salvador Dalí -- Frida Kahlo -- Francis Bacon -- Louise Bourgeois -- Jackson Pollock -- Joseph Beuys -- Lucian Freud -- Roy Lichtenstein -- Andy Warhol -- Cy Twombly -- Jasper Johns -- Niki de Saint Phalle -- Gerhard Richter -- David Hockney -- Chuck Close -- Anselm Kiefer -- Jeff Koons -- Jean-Michel Basquiat -- Damien Hirst -- Matthew Barney.</subfield></datafield><datafield ind1=' ' ind2=' ' tag='520'><subfield code='a'>A century and a half of masterpieces is covered in this chronologically arranged volume that captures the development of art in a new age. Starting with James Abbott McNeill Whistler and ending with Matthew Barney, nearly every prominent figure in Modern art is represented in double-page spreads that show how these artists continued to redefine norms and challenge tradition. Biographical and anecdotal information about each artist is provided alongside large reproductions of their most celebrated works, stunning details, and images of the artists themselves. A color-coded timeline spans the entire volume, showing overlapping careers and important historical dates. --from publisher description</subfield></datafield><datafield ind1=' ' ind2='0' tag='650'><subfield code='a'>Artists</subfield><subfield code='v'>Biography.</subfield></datafield><datafield ind1=' ' ind2='0' tag='650'><subfield code='a'>Art, Modern.</subfield></datafield><datafield ind1=' ' ind2='0' tag='650'><subfield code='a'>Modernism (Art)</subfield></datafield><datafield ind1='1' ind2=' ' tag='700'><subfield code='a'>Nippe, Christine.</subfield></datafield><datafield ind1='1' ind2=' ' tag='700'><subfield code='a'>Aston, Paul.</subfield></datafield><datafield ind1=' ' ind2=' ' tag='907'><subfield code='a'>.b45049907</subfield><subfield code='b'>p    </subfield><subfield code='c'>-</subfield></datafield><datafield ind1=' ' ind2=' ' tag='945'><subfield code='l'>pstk </subfield><subfield code='g'>1</subfield></datafield><datafield ind1=' ' ind2=' ' tag='979'><subfield code='a'>ocn630456687</subfield></datafield><datafield ind1=' ' ind2=' ' tag='998'><subfield code='b'>1</subfield><subfield code='c'>110114</subfield><subfield code='d'>m</subfield><subfield code='e'>a</subfield><subfield code='f'>-</subfield><subfield code='g'>0</subfield></datafield><datafield ind1=' ' ind2=' ' tag='998'><subfield code='a'>01/14/11</subfield><subfield code='s'>OCLC</subfield><subfield code='c'>YL</subfield></datafield><datafield ind1=' ' ind2=' ' tag='ADM'><subfield code='b'>2018-03-15 20:57:05</subfield><subfield code='e'>b45049907-01tuli_inst</subfield><subfield code='d'>ILS</subfield><subfield code='a'>2017-06-20 12:11:38</subfield><subfield code='c'>false</subfield></datafield><datafield ind1='0' ind2=' ' tag='HLD'><subfield code='b'>MAIN</subfield><subfield code='c'>stacks</subfield><subfield code='h'>N8354</subfield><subfield code='i'>.W45313 2010</subfield><subfield code='8'>22316452610003811</subfield></datafield><datafield ind1=' ' ind2=' ' tag='ITM'><subfield code='r'>22316452610003811</subfield><subfield code='b'>1</subfield><subfield code='h'>0</subfield><subfield code='g'>stacks</subfield><subfield code='t'>BOOK</subfield><subfield code='9'>39074026232132</subfield><subfield code='e'>stacks</subfield><subfield code='8'>23316452600003811</subfield><subfield code='a'>0</subfield><subfield code='q'>2017-06-20 12:11:38</subfield><subfield code='i'>N8354 .W45313 2010</subfield><subfield code='d'>MAIN</subfield><subfield code='f'>MAIN</subfield></datafield></record>