
<record xmlns='http://www.loc.gov/MARC21/slim'><leader>02928ngm a2200517Ia 4500</leader><controlfield tag='005'>20170825204545.0</controlfield><controlfield tag='007'>vd cvaizs</controlfield><controlfield tag='008'>090814s2008    nyu079            vleng d</controlfield><controlfield tag='001'>991034628399703811</controlfield><datafield ind1='1' ind2=' ' tag='024'><subfield code='a'>646688607928</subfield></datafield><datafield ind1=' ' ind2=' ' tag='035'><subfield code='a'>(PPT)b39950554-01tuli_inst</subfield></datafield><datafield ind1=' ' ind2=' ' tag='035'><subfield code='a'>(OCoLC)ocn652699607</subfield><subfield code='9'>ExL</subfield></datafield><datafield ind1=' ' ind2=' ' tag='035'><subfield code='a'>(OCoLC)430540184</subfield></datafield><datafield ind1=' ' ind2=' ' tag='035'><subfield code='a'>ocn430540184</subfield></datafield><datafield ind1=' ' ind2=' ' tag='035'><subfield code='a'>(OCLC)ocn430540184</subfield></datafield><datafield ind1=' ' ind2=' ' tag='040'><subfield code='a'>FQG</subfield><subfield code='c'>FQG</subfield><subfield code='d'>PPT</subfield></datafield><datafield ind1=' ' ind2=' ' tag='079'><subfield code='a'>ocn430540184</subfield></datafield><datafield ind1=' ' ind2=' ' tag='090'><subfield code='a'>ND237.C6773</subfield><subfield code='b'>A78x 2008</subfield></datafield><datafield ind1='0' ind2='4' tag='245'><subfield code='a'>The art of failure:</subfield><subfield code='h'>[videorecording] :</subfield><subfield code='b'>Chuck Connelly not for sale /</subfield><subfield code='c'>a film by Jeff Stimmel.</subfield></datafield><datafield ind1=' ' ind2=' ' tag='260'><subfield code='a'>[New York] :</subfield><subfield code='b'>Divided Eye Entertainment :</subfield><subfield code='b'>Films Transit International,</subfield><subfield code='c'>c2008.</subfield></datafield><datafield ind1=' ' ind2=' ' tag='300'><subfield code='a'>1 videodisc (79 min.) :</subfield><subfield code='b'>sd., b&amp;w, col. ;</subfield><subfield code='c'>4 3/4 in.</subfield></datafield><datafield ind1=' ' ind2=' ' tag='500'><subfield code='a'>Produced in association with HBO, BBC Storyville and ZDF-ARTE. Originally aired on television.</subfield></datafield><datafield ind1='1' ind2=' ' tag='511'><subfield code='a'>Chuck Connelly, David Nelson, Erin Gorski.</subfield></datafield><datafield ind1=' ' ind2=' ' tag='508'><subfield code='a'>Directed and produced by Jeff Stimmel ; edited by Paula Heredia ; Sara Bernstein, supervising producer ; Sheila Nevins, executive producer ; music by Paul A. Anderson ; cinematography by Atanasio DiFelice, David A. Ford, Rob Forlenza, Andrij Parekh, and Basia Winograd.</subfield></datafield><datafield ind1=' ' ind2=' ' tag='520'><subfield code='a'>This is the unusual story of the rise and fall of Chuck Connelly, in the 1980s a major upcoming talent in the New York art scene along with Julian Schnabel and Jean-Michel Basquiat. Connelly ended up alienating every collector and gallery owner he worked with. This documentary follows the life of this painter who now sees his career fading. Driven by desperation, and left by his wife during the course of this film, Connelly hires an actor to pose as a young, upcoming artist to sell Chuck&apos;s work to galleries and art dealers. The film provides an intimate and often troubling character study of Connelly, a working-class guy from Pittsburgh who holds &quot;traditional&quot; beliefs that art is about personal expression and craftsmanship. Shot over six years, this dramatic and entertaining documentary explores a painter&apos;s passion for his work, despite being his own worst enemy.</subfield></datafield><datafield ind1=' ' ind2=' ' tag='586'><subfield code='a'>Official selection, Melbourne Film Festival.</subfield></datafield><datafield ind1=' ' ind2=' ' tag='586'><subfield code='a'>Official selection, Los Angeles Film Festival.</subfield></datafield><datafield ind1=' ' ind2=' ' tag='586'><subfield code='a'>Official selection, Documenta Madrid.</subfield></datafield><datafield ind1='1' ind2='0' tag='600'><subfield code='a'>Connelly, Chuck,</subfield><subfield code='d'>1955-</subfield></datafield><datafield ind1=' ' ind2='0' tag='650'><subfield code='a'>Painters, American</subfield><subfield code='v'>Biography.</subfield></datafield><datafield ind1=' ' ind2='0' tag='650'><subfield code='a'>Failure (Psychology)</subfield></datafield><datafield ind1=' ' ind2='0' tag='650'><subfield code='a'>Business failures.</subfield></datafield><datafield ind1=' ' ind2='0' tag='650'><subfield code='a'>Pride and vanity.</subfield></datafield><datafield ind1=' ' ind2='7' tag='655'><subfield code='a'>Documentary films.</subfield><subfield code='2'>lcgft</subfield></datafield><datafield ind1=' ' ind2='7' tag='655'><subfield code='a'>Biographical films.</subfield><subfield code='2'>lcgft</subfield></datafield><datafield ind1='1' ind2=' ' tag='700'><subfield code='a'>Connelly, Chuck,</subfield><subfield code='d'>1955-</subfield></datafield><datafield ind1='1' ind2=' ' tag='700'><subfield code='a'>Stimmel, Jeff.</subfield></datafield><datafield ind1='1' ind2=' ' tag='700'><subfield code='a'>Zacharias, Christian.</subfield></datafield><datafield ind1='2' ind2=' ' tag='710'><subfield code='a'>Divided Eye Entertainment.</subfield></datafield><datafield ind1='2' ind2=' ' tag='710'><subfield code='a'>HBO Documentary Films.</subfield></datafield><datafield ind1=' ' ind2=' ' tag='902'><subfield code='a'>130919</subfield></datafield><datafield ind1=' ' ind2=' ' tag='907'><subfield code='a'>.b39950554</subfield><subfield code='b'>pmed </subfield><subfield code='c'>g</subfield></datafield><datafield ind1=' ' ind2=' ' tag='945'><subfield code='l'>pmed </subfield><subfield code='g'>1</subfield></datafield><datafield ind1=' ' ind2=' ' tag='979'><subfield code='a'>ocn430540184</subfield></datafield><datafield ind1=' ' ind2=' ' tag='998'><subfield code='b'>0</subfield><subfield code='c'>091019</subfield><subfield code='d'>m</subfield><subfield code='e'>g</subfield><subfield code='f'>g</subfield><subfield code='g'>4</subfield></datafield><datafield ind1=' ' ind2=' ' tag='998'><subfield code='a'>10/19/09</subfield><subfield code='s'>OCLC</subfield><subfield code='c'>DH</subfield></datafield><datafield ind1=' ' ind2=' ' tag='ADM'><subfield code='b'>2017-08-26 00:45:45</subfield><subfield code='e'>b39950554-01tuli_inst</subfield><subfield code='d'>ILS</subfield><subfield code='a'>2017-06-20 06:53:41</subfield><subfield code='c'>false</subfield></datafield><datafield ind1='0' ind2=' ' tag='HLD'><subfield code='b'>MEDIA</subfield><subfield code='c'>media</subfield><subfield code='h'>ND237.C6773</subfield><subfield code='i'>A78x 2008</subfield><subfield code='8'>22256752230003811</subfield></datafield><datafield ind1=' ' ind2=' ' tag='ITM'><subfield code='r'>22256752230003811</subfield><subfield code='b'>1</subfield><subfield code='h'>0</subfield><subfield code='g'>media</subfield><subfield code='t'>DVD</subfield><subfield code='9'>39074024962565</subfield><subfield code='e'>media</subfield><subfield code='8'>23256752190003811</subfield><subfield code='a'>5</subfield><subfield code='q'>2017-06-20 06:53:41</subfield><subfield code='i'>ND237.C6773 A78x 2008</subfield><subfield code='d'>MEDIA</subfield><subfield code='f'>MEDIA</subfield></datafield></record>