
<record xmlns='http://www.loc.gov/MARC21/slim'><leader>02975cam a2200505 a 4500</leader><controlfield tag='005'>20170825195557.0</controlfield><controlfield tag='008'>070208s2007    nyua     b    001 0beng  </controlfield><controlfield tag='001'>991025777959703811</controlfield><datafield ind1=' ' ind2=' ' tag='010'><subfield code='a'>2007005287</subfield></datafield><datafield ind1=' ' ind2=' ' tag='020'><subfield code='a'>140397747X (alk. paper)</subfield></datafield><datafield ind1=' ' ind2=' ' tag='020'><subfield code='a'>1403977488 (alk. paper)</subfield></datafield><datafield ind1=' ' ind2=' ' tag='035'><subfield code='a'>(PPT)b33135551-01tuli_inst</subfield></datafield><datafield ind1=' ' ind2=' ' tag='035'><subfield code='a'>(DLC)ocn492269640</subfield><subfield code='9'>ExL</subfield></datafield><datafield ind1=' ' ind2=' ' tag='035'><subfield code='a'>DLC  2007005287</subfield></datafield><datafield ind1=' ' ind2=' ' tag='035'><subfield code='a'>ocm85018101</subfield></datafield><datafield ind1=' ' ind2=' ' tag='035'><subfield code='a'>(OCLC)ocm85018101</subfield></datafield><datafield ind1=' ' ind2=' ' tag='040'><subfield code='a'>DLC</subfield><subfield code='c'>DLC</subfield><subfield code='d'>DLC</subfield><subfield code='d'>PPT</subfield></datafield><datafield ind1=' ' ind2=' ' tag='043'><subfield code='a'>n-us---</subfield><subfield code='a'>n-us-ny</subfield></datafield><datafield ind1=' ' ind2=' ' tag='079'><subfield code='a'>ocm85018101</subfield></datafield><datafield ind1=' ' ind2=' ' tag='090'><subfield code='a'>HQ75.8.R58</subfield><subfield code='b'>C78 2007</subfield></datafield><datafield ind1='1' ind2=' ' tag='100'><subfield code='a'>Cruz, Arnaldo.</subfield></datafield><datafield ind1='1' ind2='0' tag='245'><subfield code='a'>Queer latino testimonio, Keith Haring, and Juanito Xtravaganza hard tails /</subfield><subfield code='c'>by Arnaldo Cruz-Malave.</subfield></datafield><datafield ind1=' ' ind2=' ' tag='260'><subfield code='a'>New York, NY :</subfield><subfield code='b'>Palgrave Macmillan,</subfield><subfield code='c'>2007.</subfield></datafield><datafield ind1=' ' ind2=' ' tag='300'><subfield code='a'>xiii, 227 p. :</subfield><subfield code='b'>ill. ;</subfield><subfield code='c'>21 cm.</subfield></datafield><datafield ind1='0' ind2=' ' tag='490'><subfield code='a'>New directions in Latino American cultures series.</subfield></datafield><datafield ind1=' ' ind2=' ' tag='504'><subfield code='a'>Includes bibliographical references (p. [205]-213) and index.</subfield></datafield><datafield ind1='0' ind2=' ' tag='505'><subfield code='a'>Listening speaks : an introduction -- The life &amp; times of Juanito Xtravaganza / as told by Juan Rivera and retold by Arnaldo Cruz-Malave. Fly, robin, fly. Just telling stories--. One of these days! Paradise. &quot;I&apos;m Juanito Xtravaganza&quot; : an epilogue -- A radiated radiant baby : Keith Haring &amp; an aesthetics of identification. Beginning with the end. Art is life. An energy called hip-hop. Clones go home! A radiated radiant baby. A love interlude : the paradise garage. Pop and the limits of universalism : Shibuya, Japan -- Listening speaks : testimonio, queer Latino representation, and shame -- What&apos;s in a name. The places: bathhouses, Coney Island. East Rock, New Haven. El Barrio/East Harlem. Loisaida, East Village, Times Square and the sex trade. The people: Florence Alexander, Yves and Debby Arman, Jean-Michel Basquiat, Caroline of Monaco, Juan Dubose, John Gruen, Julia Gruen, David Hampton, Grace Jones, LA II, Larry Levan, Madonna, Kenny Scharf, Gil Vazquez. The terms: Arc, Cristal, dominant/passive, ecstasy, graffiti, Keith Haring Foundation, Page Six. Outlaw parties, spooking, timido (jibaro), wasting, Xtravaganza, the house of -- Spanglish glosses.</subfield></datafield><datafield ind1='1' ind2='0' tag='600'><subfield code='a'>Rivera, Juan,</subfield><subfield code='d'>1957-</subfield></datafield><datafield ind1=' ' ind2='0' tag='650'><subfield code='a'>Hispanic American gays</subfield><subfield code='v'>Biography.</subfield></datafield><datafield ind1=' ' ind2='0' tag='650'><subfield code='a'>Gay men</subfield><subfield code='z'>United States</subfield><subfield code='v'>Biography.</subfield></datafield><datafield ind1='1' ind2='0' tag='600'><subfield code='a'>Haring, Keith.</subfield></datafield><datafield ind1=' ' ind2='0' tag='650'><subfield code='a'>Male homosexuality</subfield><subfield code='z'>United States.</subfield></datafield><datafield ind1=' ' ind2='0' tag='651'><subfield code='a'>New York (N.Y.)</subfield><subfield code='v'>Biography.</subfield></datafield><datafield ind1='4' ind2='2' tag='856'><subfield code='z'>Access Contributor biographical information.</subfield><subfield code='u'>http://www.loc.gov/catdir/enhancements/fy0708/2007005287-b.html</subfield></datafield><datafield ind1='4' ind2='2' tag='856'><subfield code='z'>Access description provided by publisher.</subfield><subfield code='u'>http://www.loc.gov/catdir/enhancements/fy0711/2007005287-d.html</subfield></datafield><datafield ind1=' ' ind2=' ' tag='901'><subfield code='a'>BNA</subfield></datafield><datafield ind1=' ' ind2=' ' tag='901'><subfield code='a'>R8676019</subfield></datafield><datafield ind1=' ' ind2=' ' tag='902'><subfield code='a'>150610</subfield></datafield><datafield ind1=' ' ind2=' ' tag='902'><subfield code='a'>071205AB0701</subfield></datafield><datafield ind1='0' ind2='0' tag='905'><subfield code='a'>New directions in Latino American cultures</subfield></datafield><datafield ind1=' ' ind2=' ' tag='907'><subfield code='a'>.b33135551</subfield><subfield code='b'>p    </subfield><subfield code='c'>-</subfield></datafield><datafield ind1=' ' ind2=' ' tag='945'><subfield code='l'>pstk </subfield><subfield code='g'>1</subfield></datafield><datafield ind1=' ' ind2=' ' tag='979'><subfield code='a'>ocm85018101</subfield></datafield><datafield ind1=' ' ind2=' ' tag='998'><subfield code='b'>0</subfield><subfield code='c'>080212</subfield><subfield code='d'>m</subfield><subfield code='e'>a</subfield><subfield code='f'>-</subfield><subfield code='g'>0</subfield></datafield><datafield ind1=' ' ind2=' ' tag='998'><subfield code='b'>0</subfield><subfield code='c'>080212</subfield><subfield code='d'>m</subfield><subfield code='e'>a</subfield><subfield code='f'>-</subfield><subfield code='g'>0</subfield></datafield><datafield ind1=' ' ind2=' ' tag='ADM'><subfield code='b'>2017-08-25 23:55:57</subfield><subfield code='e'>b33135551-01tuli_inst</subfield><subfield code='d'>ILS</subfield><subfield code='a'>2017-06-20 14:34:50</subfield><subfield code='c'>false</subfield></datafield><datafield ind1='0' ind2=' ' tag='HLD'><subfield code='b'>MAIN</subfield><subfield code='c'>stacks</subfield><subfield code='h'>HQ75.8.R58</subfield><subfield code='i'>C78 2007</subfield><subfield code='8'>22332599930003811</subfield></datafield><datafield ind1=' ' ind2=' ' tag='ITM'><subfield code='r'>22332599930003811</subfield><subfield code='b'>1</subfield><subfield code='h'>0</subfield><subfield code='g'>stacks</subfield><subfield code='t'>BOOK</subfield><subfield code='9'>39074023681547</subfield><subfield code='e'>stacks</subfield><subfield code='8'>23332599920003811</subfield><subfield code='a'>0</subfield><subfield code='q'>2017-06-20 14:34:50</subfield><subfield code='i'>HQ75.8.R58 C78 2007</subfield><subfield code='d'>MAIN</subfield><subfield code='f'>MAIN</subfield></datafield></record>