
<record xmlns='http://www.loc.gov/MARC21/slim'><leader>03097nam a22005294i 4500</leader><controlfield tag='005'>20180315180001.0</controlfield><controlfield tag='006'>m     o  d        </controlfield><controlfield tag='007'>cr cn|||||||||</controlfield><controlfield tag='008'>140807s1996    ncua    ob    001 0 eng d</controlfield><controlfield tag='001'>991012159389703811</controlfield><datafield ind1=' ' ind2=' ' tag='020'><subfield code='a'>9780822397649</subfield></datafield><datafield ind1=' ' ind2=' ' tag='020'><subfield code='a'>0822397641</subfield></datafield><datafield ind1=' ' ind2=' ' tag='020'><subfield code='z'>082231732X (cloth : acid-free paper)</subfield></datafield><datafield ind1=' ' ind2=' ' tag='020'><subfield code='z'>9780822317326 (cloth : acid-free paper)</subfield></datafield><datafield ind1=' ' ind2=' ' tag='020'><subfield code='z'>0822317419 (pbk. : acid-free paper)</subfield></datafield><datafield ind1=' ' ind2=' ' tag='020'><subfield code='z'>9780822317418 (pbk. : acid-free paper)</subfield></datafield><datafield ind1=' ' ind2=' ' tag='035'><subfield code='a'>(PPT)b58422857-01tuli_inst</subfield></datafield><datafield ind1=' ' ind2=' ' tag='035'><subfield code='a'>885420724</subfield></datafield><datafield ind1=' ' ind2=' ' tag='040'><subfield code='a'>NDD</subfield><subfield code='b'>eng</subfield><subfield code='e'>rda</subfield><subfield code='c'>NDD</subfield></datafield><datafield ind1=' ' ind2=' ' tag='043'><subfield code='a'>n-us---</subfield></datafield><datafield ind1=' ' ind2=' ' tag='090'><subfield code='a'>NX512.W37</subfield><subfield code='b'>P66 1996eb</subfield></datafield><datafield ind1='0' ind2='0' tag='245'><subfield code='a'>Pop out</subfield><subfield code='h'>[electronic resource] :</subfield><subfield code='b'>Queer Warhol /</subfield><subfield code='c'>edited by Jennifer Doyle, Jonathan Flatley &amp; Jose⁺ѓ Esteban Mun⁺ёoz.</subfield></datafield><datafield ind1=' ' ind2='1' tag='264'><subfield code='a'>Durham :</subfield><subfield code='b'>Duke University Press,</subfield><subfield code='c'>1996.</subfield></datafield><datafield ind1=' ' ind2=' ' tag='300'><subfield code='a'>1 online resource (viii, 280 pages) :</subfield><subfield code='b'>illustrations</subfield></datafield><datafield ind1=' ' ind2=' ' tag='336'><subfield code='a'>text</subfield><subfield code='2'>rdacontent</subfield></datafield><datafield ind1=' ' ind2=' ' tag='337'><subfield code='a'>computer</subfield><subfield code='2'>rdamedia</subfield></datafield><datafield ind1=' ' ind2=' ' tag='338'><subfield code='a'>online resource</subfield><subfield code='2'>rdacarrier</subfield></datafield><datafield ind1='1' ind2=' ' tag='490'><subfield code='a'>Series Q</subfield></datafield><datafield ind1=' ' ind2=' ' tag='504'><subfield code='a'>Includes bibliographical references (pages [257]-266) and index.</subfield></datafield><datafield ind1='0' ind2='0' tag='505'><subfield code='t'>Queer Andy /</subfield><subfield code='r'>Simon Wayney --</subfield><subfield code='t'>I&apos;ll be your mirror stage : Andy Warhol in the cultural imaginary /</subfield><subfield code='t'>David E. James --</subfield><subfield code='t'>Cockteaser /</subfield><subfield code='r'>Thomas Waugh --</subfield><subfield code='t'>Screen memories, or, pop comes from the outside : Warhol and queer childhood /</subfield><subfield code='r'>Michael Moon --</subfield><subfield code='t'>Warhol gives good face : publicity and politics of prosopopoeia --</subfield><subfield code='r'>Jonathan Flatley --</subfield><subfield code='t'>Queer performativity : Warhol&apos;s shyness / Warhol&apos;s whiteness /</subfield><subfield code='r'>Eve Kosofsky Sedgewick --</subfield><subfield code='t'>Famous and dandy like B. &apos;n&apos; Andy : race, pop, and basquiat /</subfield><subfield code='r'>Jose⁺ѓ Esteban Mun⁺ёoz --</subfield><subfield code='t'>&quot;I dream of genius ...&quot; /</subfield><subfield code='r'>Brian Selsky --</subfield><subfield code='t'>Tricks of the trade : pop art/pop sex /</subfield><subfield code='r'>Jennifer Doyle --</subfield><subfield code='t'>Popping off Warhol : from the gutter to the underground and beyond /</subfield><subfield code='r'>Marcie Frank --</subfield><subfield code='t'>Figuring out Andy Warhol /</subfield><subfield code='r'>Mandy Merck --</subfield><subfield code='t'>Caped crusader of camp : pop, camp, and the &quot;Batman&quot; television series /</subfield><subfield code='r'>Sasha Torres.</subfield></datafield><datafield ind1=' ' ind2=' ' tag='588'><subfield code='a'>Description based on print version record.</subfield></datafield><datafield ind1=' ' ind2=' ' tag='590'><subfield code='a'>Access is available to the Temple Community through use of a networked computer with a Temple IP address.</subfield></datafield><datafield ind1='1' ind2='0' tag='600'><subfield code='a'>Warhol, Andy,</subfield><subfield code='d'>1928-1987</subfield><subfield code='x'>Criticism and interpretation.</subfield></datafield><datafield ind1='1' ind2='0' tag='600'><subfield code='a'>Warhol, Andy,</subfield><subfield code='d'>1928-1987</subfield><subfield code='x'>Sexual behavior.</subfield></datafield><datafield ind1=' ' ind2='0' tag='650'><subfield code='a'>Gay artists in popular culture</subfield><subfield code='z'>United States.</subfield></datafield><datafield ind1=' ' ind2='0' tag='655'><subfield code='a'>Electronic books.</subfield></datafield><datafield ind1='1' ind2=' ' tag='700'><subfield code='a'>Doyle, Jennifer.</subfield></datafield><datafield ind1='1' ind2=' ' tag='700'><subfield code='a'>Flatley, Jonathan.</subfield></datafield><datafield ind1='1' ind2=' ' tag='700'><subfield code='a'>Mun⁺ёoz, Jose⁺ѓ Esteban.</subfield></datafield><datafield ind1='2' ind2=' ' tag='710'><subfield code='a'>e-Duke books scholarly collection.</subfield></datafield><datafield ind1='0' ind2='8' tag='776'><subfield code='i'>Print version:</subfield><subfield code='t'>Pop out.</subfield><subfield code='d'>Durham : Duke University Press, 1996</subfield><subfield code='z'>082231732X</subfield><subfield code='z'>9780822317326</subfield><subfield code='z'>0822317419</subfield><subfield code='z'>9780822317418</subfield><subfield code='w'>(DLC)   95035410</subfield><subfield code='w'>(OCoLC)32894248</subfield></datafield><datafield ind1=' ' ind2='0' tag='830'><subfield code='a'>Series Q.</subfield></datafield><datafield ind1='4' ind2='0' tag='856'><subfield code='z'>Access full text online.</subfield><subfield code='u'>http://libproxy.temple.edu/login?url=http://dx.doi.org/10.1215/9780822397649</subfield></datafield><datafield ind1=' ' ind2=' ' tag='902'><subfield code='a'>e-Duke books scholarly collection 2015-10-07</subfield></datafield><datafield ind1=' ' ind2=' ' tag='907'><subfield code='a'>.b58422857</subfield><subfield code='b'>w    </subfield><subfield code='c'>-</subfield></datafield><datafield ind1=' ' ind2=' ' tag='945'><subfield code='l'>w    </subfield><subfield code='g'>1</subfield></datafield><datafield ind1=' ' ind2=' ' tag='998'><subfield code='b'>1</subfield><subfield code='c'>151010</subfield><subfield code='d'>m</subfield><subfield code='e'>@</subfield><subfield code='f'>-</subfield><subfield code='g'>0</subfield></datafield><datafield ind1=' ' ind2=' ' tag='PRT'><subfield code='a'>53384127070003811</subfield><subfield code='b'>https://sandbox01-na.alma.exlibrisgroup.com/view/uresolver/01TULI_INST/openurl?u.ignore_date_coverage=true&amp;rft.mms_id=991012159389703811</subfield><subfield code='f'>Access full text online.</subfield><subfield code='d'>MAIN</subfield><subfield code='c'>e-Duke Books Scholarly Collection</subfield><subfield code='8'>53384127070003811</subfield></datafield></record>