
<record xmlns='http://www.loc.gov/MARC21/slim'><leader>04379cam  2200541Ii 4500</leader><controlfield tag='005'>20171120132527.0</controlfield><controlfield tag='008'>161003t20172017gw a          001 0ceng d</controlfield><controlfield tag='001'>991036832195603811</controlfield><datafield ind1=' ' ind2=' ' tag='010'><subfield code='a'>  2017931922</subfield></datafield><datafield ind1=' ' ind2=' ' tag='020'><subfield code='a'>3791383388</subfield><subfield code='q'>(paperback)</subfield></datafield><datafield ind1=' ' ind2=' ' tag='020'><subfield code='a'>9783791383385</subfield><subfield code='q'>(paperback)</subfield></datafield><datafield ind1=' ' ind2=' ' tag='035'><subfield code='a'>(OCoLC)959595446</subfield></datafield><datafield ind1=' ' ind2=' ' tag='040'><subfield code='a'>YDX</subfield><subfield code='b'>eng</subfield><subfield code='e'>rda</subfield><subfield code='c'>YDX</subfield><subfield code='d'>BDX</subfield><subfield code='d'>BTCTA</subfield><subfield code='d'>GK8</subfield><subfield code='d'>CKE</subfield><subfield code='d'>OCLCF</subfield><subfield code='d'>VP@</subfield><subfield code='d'>ALRCP</subfield><subfield code='d'>UAB</subfield><subfield code='d'>TFW</subfield><subfield code='d'>MNU</subfield><subfield code='d'>IUL</subfield><subfield code='d'>NZGPL</subfield><subfield code='d'>GSU</subfield></datafield><datafield ind1='1' ind2=' ' tag='041'><subfield code='a'>eng</subfield><subfield code='h'>ger</subfield></datafield><datafield ind1=' ' ind2='4' tag='050'><subfield code='a'>N6496.8</subfield><subfield code='b'>.W45 2017</subfield></datafield><datafield ind1='0' ind2='4' tag='082'><subfield code='a'>709.22</subfield><subfield code='2'>22</subfield></datafield><datafield ind1='1' ind2=' ' tag='100'><subfield code='a'>Weidemann, Christiane</subfield><subfield code='e'>author.</subfield></datafield><datafield ind1='1' ind2='0' tag='245'><subfield code='a'>50 modern artists you should know /</subfield><subfield code='c'>Christiane Weidemann, Christine Nippe.</subfield></datafield><datafield ind1='3' ind2=' ' tag='246'><subfield code='a'>Fifty modern artists you should know</subfield></datafield><datafield ind1=' ' ind2='1' tag='264'><subfield code='a'>Munich :</subfield><subfield code='b'>Prestel,</subfield><subfield code='c'>[2017]</subfield></datafield><datafield ind1=' ' ind2='4' tag='264'><subfield code='c'>©2017</subfield></datafield><datafield ind1=' ' ind2=' ' tag='300'><subfield code='a'>157 pages :</subfield><subfield code='b'>illustrations (chiefly color) ;</subfield><subfield code='c'>25 cm.</subfield></datafield><datafield ind1=' ' ind2=' ' tag='336'><subfield code='a'>text</subfield><subfield code='b'>txt</subfield><subfield code='2'>rdacontent</subfield></datafield><datafield ind1=' ' ind2=' ' tag='336'><subfield code='a'>still image</subfield><subfield code='b'>sti</subfield><subfield code='2'>rdacontent</subfield></datafield><datafield ind1=' ' ind2=' ' tag='337'><subfield code='a'>unmediated</subfield><subfield code='b'>n</subfield><subfield code='2'>rdamedia</subfield></datafield><datafield ind1=' ' ind2=' ' tag='338'><subfield code='a'>volume</subfield><subfield code='b'>nc</subfield><subfield code='2'>rdacarrier</subfield></datafield><datafield ind1='1' ind2=' ' tag='490'><subfield code='a'>The 50 series</subfield></datafield><datafield ind1=' ' ind2=' ' tag='500'><subfield code='a'>Includes index.</subfield></datafield><datafield ind1='0' ind2=' ' tag='505'><subfield code='a'>James McNeill Whistler -- Paul Cézanne -- Claude Monet -- Auguste Rodin -- Henri Rousseau -- Mary Cassatt -- Paul Gauguin -- Vincent van Gogh -- Georges Seurat -- Gustav Klimt -- Edvard Munch -- Henri de Toulouse-Lautrec -- Vasily Kandinsky -- Henri Matisse -- Paul Klee -- Kasimir Malevich -- Franz Marc -- Ernst Ludwig Kirchner -- Pablo Picasso -- Edward Hopper -- Marc Chagall -- Marcel Duchamp -- Georgia O&apos;Keefe -- Giorgio de Chirico -- Egon Schiele -- Max Ernst -- Joan Miró -- René Magritte -- Henry Moore -- Mark Rothko -- Salvador Dalí -- Frida Kahlo -- Francis Bacon -- Louise Bourgeois -- Jackson Pollock -- Joseph Beuys -- Lucian Freud -- Roy Lichtenstein -- Andy Warhol -- Cy Twombly -- Jasper Johns -- Niki de Saint Phalle -- Gerhard Richter -- David Hockney -- Chuck Close -- Anselm Kiefer -- Jeff Koons -- Jean-Michel Basquiat -- Damien Hirst -- Matthew Barney.</subfield></datafield><datafield ind1=' ' ind2=' ' tag='520'><subfield code='a'>A century and a half of masterpieces is covered in this chronologically arranged volume that captures the development of art in a new age. Starting with James Abbott McNeill Whistler and ending with Matthew Barney, nearly every prominent figure in Modern art is represented in double-page spreads that show how these artists continued to redefine norms and challenge tradition. Biographical and anecdotal information about each artist is provided alongside large reproductions of their most celebrated works, stunning details, and images of the artists themselves. A color-coded timeline spans the entire volume, showing overlapping careers and important historical dates. --from publisher description.</subfield></datafield><datafield ind1=' ' ind2=' ' tag='546'><subfield code='a'>Translated from the German.</subfield></datafield><datafield ind1=' ' ind2='0' tag='650'><subfield code='a'>Artists</subfield><subfield code='v'>Biography.</subfield></datafield><datafield ind1=' ' ind2='0' tag='650'><subfield code='a'>Art, Modern</subfield><subfield code='v'>Biography.</subfield></datafield><datafield ind1=' ' ind2='0' tag='650'><subfield code='a'>Modernism (Art)</subfield></datafield><datafield ind1=' ' ind2='7' tag='650'><subfield code='a'>Art, Modern.</subfield><subfield code='2'>fast</subfield><subfield code='0'>(OCoLC)fst00816615</subfield></datafield><datafield ind1=' ' ind2='7' tag='650'><subfield code='a'>Artists.</subfield><subfield code='2'>fast</subfield><subfield code='0'>(OCoLC)fst00817559</subfield></datafield><datafield ind1=' ' ind2='7' tag='650'><subfield code='a'>Modernism (Art)</subfield><subfield code='2'>fast</subfield><subfield code='0'>(OCoLC)fst01024442</subfield></datafield><datafield ind1=' ' ind2='7' tag='655'><subfield code='a'>Biography.</subfield><subfield code='2'>fast</subfield><subfield code='0'>(OCoLC)fst01423686</subfield></datafield><datafield ind1='1' ind2=' ' tag='700'><subfield code='a'>Nippe, Christine,</subfield><subfield code='e'>author.</subfield></datafield><datafield ind1='0' ind2=' ' tag='880'><subfield code='6'>505-00</subfield><subfield code='a'>James McNeill Whistler -- Paul Cézanne -- Claude Monet -- Auguste Rodin -- Henri Rousseau -- Mary Cassatt -- Paul Gauguin -- Vincent van Gogh -- Georges Seurat -- Gustav Klimt -- Edvard Munch -- Henri de Toulouse-Lautrec -- Vasily Kandinsky -- Henri Matisse -- Paul Klee -- Kasimir Malevich -- Franz Marc -- Ernst Ludwig Kirchner -- Pablo Picasso -- Edward Hopper -- Marc Chagall -- Marcel Duchamp -- Georgia O&apos;Keefe -- Giorgio de Chirico -- Egon Schiele -- Max Ernst -- Joan Miró -- René Magritte -- Henry Moore -- Mark Rothko -- Salvador Dalí -- Frida Kahlo -- Francis Bacon -- Louise Bourgeois -- Jackson Pollock -- Joseph Beuys -- Lucian Freud -- Roy Lichtenstein -- Andy Warhol -- Cy Twombly -- Jasper Johns -- Niki de Saint Phalle -- Gerhard Richter -- David Hockney -- Chuck Close -- Anselm Kiefer -- Jeff Koons -- Jean-Michel Basquiat -- Damien Hirst -- Matthew Barney.</subfield></datafield><datafield ind1=' ' ind2='0' tag='830'><subfield code='a'>Fifty dollar series.</subfield></datafield><datafield ind1=' ' ind2='1' tag='945'><subfield code='i'>39074026676932</subfield><subfield code='k'>MAIN</subfield><subfield code='l'>stacks</subfield><subfield code='a'>N6350</subfield><subfield code='z'>090</subfield></datafield><datafield ind1=' ' ind2=' ' tag='960'><subfield code='k'>MAIN</subfield><subfield code='l'>stacks</subfield></datafield><datafield ind1=' ' ind2=' ' tag='979'><subfield code='a'>ocn959595446</subfield></datafield><datafield ind1=' ' ind2=' ' tag='979'><subfield code='a'>991036832195603811</subfield></datafield><datafield ind1=' ' ind2=' ' tag='980'><subfield code='a'>08-30-17</subfield><subfield code='b'>1995</subfield><subfield code='e'>1606</subfield><subfield code='f'>I20104577</subfield></datafield><datafield ind1=' ' ind2=' ' tag='981'><subfield code='a'>Coutt</subfield><subfield code='b'>cthua</subfield><subfield code='d'>36230341</subfield><subfield code='e'>SLI</subfield><subfield code='k'>MAIN</subfield><subfield code='l'>stacks</subfield></datafield><datafield ind1=' ' ind2=' ' tag='997'><subfield code='a'>20170921092611.0</subfield><subfield code='c'>LS</subfield><subfield code='s'>OCLC</subfield><subfield code='e'>WCAT</subfield><subfield code='d'>TEU</subfield><subfield code='e'>MARCIVE</subfield></datafield><datafield ind1='0' ind2=' ' tag='HLD'><subfield code='b'>MAIN</subfield><subfield code='c'>stacks</subfield><subfield code='h'>N6496.8</subfield><subfield code='i'>.W45 2017</subfield><subfield code='8'>22399911560003811</subfield></datafield><datafield ind1=' ' ind2=' ' tag='ITM'><subfield code='b'>1</subfield><subfield code='h'>0</subfield><subfield code='g'>stacks</subfield><subfield code='9'>39074026676932</subfield><subfield code='e'>stacks</subfield><subfield code='l'>0</subfield><subfield code='8'>23399911550003811</subfield><subfield code='j'>0</subfield><subfield code='a'>0</subfield><subfield code='q'>2017-09-07 20:51:21</subfield><subfield code='i'>N6496.8 .W45 2017</subfield><subfield code='d'>MAIN</subfield><subfield code='r'>2017-10-10 02:52:56</subfield><subfield code='f'>MAIN</subfield></datafield></record>