
<record xmlns='http://www.loc.gov/MARC21/slim'><leader>03362ngm a2200529Ic 4500</leader><controlfield tag='005'>201851012221.0</controlfield><controlfield tag='006'>m|||||o||c||||||||</controlfield><controlfield tag='007'>vz|czazuu</controlfield><controlfield tag='007'>cr|cna</controlfield><controlfield tag='008'>180510p20172017nyu052||||||||o|||v|eng|d</controlfield><controlfield tag='001'>991036905287103811</controlfield><datafield ind1='4' ind2='0' tag='028'><subfield code='a'>145231</subfield><subfield code='b'>Infobase</subfield></datafield><datafield ind1=' ' ind2=' ' tag='035'><subfield code='a'>1000145231</subfield></datafield><datafield ind1=' ' ind2=' ' tag='035'><subfield code='a'>(FOD)1000145231</subfield></datafield><datafield ind1=' ' ind2=' ' tag='040'><subfield code='a'>AzPhAEM</subfield><subfield code='b'>eng</subfield><subfield code='e'>rda</subfield></datafield><datafield ind1='0' ind2=' ' tag='041'><subfield code='a'>eng</subfield><subfield code='h'>eng</subfield></datafield><datafield ind1=' ' ind2=' ' tag='046'><subfield code='k'>2017</subfield></datafield><datafield ind1='0' ind2='0' tag='245'><subfield code='a'>China, One Million Artists /</subfield><subfield code='c'>ARTE France.</subfield></datafield><datafield ind1=' ' ind2='1' tag='264'><subfield code='a'>[Place of publication not identified] : </subfield><subfield code='b'>ARTE France, </subfield><subfield code='c'>[2017]</subfield></datafield><datafield ind1='3' ind2='2' tag='264'><subfield code='a'>New York, N.Y. :</subfield><subfield code='b'>Distributed by Infobase, </subfield><subfield code='c'>2017.</subfield></datafield><datafield ind1=' ' ind2='4' tag='264'><subfield code='c'>©2017</subfield></datafield><datafield ind1=' ' ind2=' ' tag='300'><subfield code='a'>1 online resource (1 video file (52 min., 9 sec)) :</subfield><subfield code='b'>sound, color.</subfield></datafield><datafield ind1=' ' ind2=' ' tag='336'><subfield code='a'>two-dimensional moving image</subfield><subfield code='b'>tdi</subfield><subfield code='2'>rdacontent</subfield></datafield><datafield ind1=' ' ind2=' ' tag='337'><subfield code='a'>computer</subfield><subfield code='b'>c</subfield><subfield code='2'>rdamedia</subfield></datafield><datafield ind1=' ' ind2=' ' tag='338'><subfield code='a'>online resource</subfield><subfield code='b'>cr</subfield><subfield code='2'>rdacarrier</subfield></datafield><datafield ind1=' ' ind2=' ' tag='347'><subfield code='a'>video file</subfield><subfield code='2'>rda</subfield></datafield><datafield ind1=' ' ind2=' ' tag='500'><subfield code='a'>Originally released by ARTE France, 2017.</subfield></datafield><datafield ind1=' ' ind2=' ' tag='500'><subfield code='a'>Streaming video file encoded with permission for digital streaming by Infobase on December 08, 2017.</subfield></datafield><datafield ind1='0' ind2='0' tag='505'><subfield code='t'>Chinese Contemporary Art: Introduction (4:08); </subfield><subfield code='t'>Loving the Communist Party (3:35); </subfield><subfield code='t'>Learning from Western Art (3:56); </subfield><subfield code='t'>China of Avant-Garde Exhibition (3:16); </subfield><subfield code='t'>After Tiananmen Square (2:48); </subfield><subfield code='t'>A Chinese Identity (6:59); </subfield><subfield code='t'>Confronting Authorities (4:49); </subfield><subfield code='t'>Turn of the Century (6:15); </subfield><subfield code='t'>Pursuing a Fine Arts Career (3:45); </subfield><subfield code='t'>Returning to the Fundamentals (4:49); </subfield><subfield code='t'>Chinese Artists (6:19); </subfield><subfield code='t'>Credits: China, One Million Artists (0:44); </subfield></datafield><datafield ind1='1' ind2=' ' tag='506'><subfield code='a'>Access requires authentication through Films On Demand.</subfield></datafield><datafield ind1=' ' ind2=' ' tag='520'><subfield code='a'>China has been the biggest art seller in the entire world since 2012. Yet they remain relatively unknown compared to these numbers. Who are these artists? What drives them and how do they circumvent censorship? Contemporary Chinese art took off spectacularly after Mao’s death. Artists have revisited Western art and some have hijacked communist propaganda, supplementing it with a vitriolic critic of western consumerism currently sweeping the country. Art is well placed to observe the excesses of Chinese society and it has become the flag bearer for aspirations to freedom. These contemporary works symbolize people’s wounds and hardships, as well as state violence. Although two artists—Basquiat and Koons—account for 50% of the American market, China has placed 47 artists in the top 100—nearly half of them are newcomers. Through personal encounters with the most original and avant-garde artists—in their workshops or during performances—this film sets out to understand their work and what motivates them as well as their fight against censorship.</subfield></datafield><datafield ind1='2' ind2=' ' tag='521'><subfield code='a'>9 - 12, Academic/AP</subfield></datafield><datafield ind1=' ' ind2=' ' tag='538'><subfield code='a'>Streaming video file.</subfield></datafield><datafield ind1=' ' ind2=' ' tag='538'><subfield code='a'>System requirements: Films On Demand platform.</subfield></datafield><datafield ind1=' ' ind2=' ' tag='546'><subfield code='a'>Closed-captioned.</subfield></datafield><datafield ind1=' ' ind2=' ' tag='588'><subfield code='a'>Title from distributor&apos;s description</subfield></datafield><datafield ind1=' ' ind2=' ' tag='590'><subfield code='a'>Access is available to the Temple Community through use of a networked computer with a Temple IP address.</subfield></datafield><datafield ind1=' ' ind2='0' tag='650'><subfield code='a'>Art and architecture.</subfield></datafield><datafield ind1=' ' ind2='0' tag='650'><subfield code='a'>Art</subfield><subfield code='x'>History.</subfield></datafield><datafield ind1=' ' ind2='0' tag='650'><subfield code='a'>Art, Asian.</subfield></datafield><datafield ind1=' ' ind2='0' tag='650'><subfield code='a'>Art, Polynesian.</subfield></datafield><datafield ind1=' ' ind2='0' tag='650'><subfield code='a'>Tibet Region.</subfield></datafield><datafield ind1=' ' ind2='0' tag='651'><subfield code='a'>Asia.</subfield></datafield><datafield ind1=' ' ind2='0' tag='651'><subfield code='a'>China</subfield><subfield code='x'>Civilization.</subfield></datafield><datafield ind1=' ' ind2='7' tag='655'><subfield code='a'>Internet videos.</subfield><subfield code='2'>lcgft</subfield></datafield><datafield ind1=' ' ind2='0' tag='655'><subfield code='a'>Streaming video.</subfield></datafield><datafield ind1='2' ind2=' ' tag='710'><subfield code='a'>Infobase,</subfield><subfield code='e'>film distributor.</subfield></datafield><datafield ind1='2' ind2=' ' tag='710'><subfield code='a'>ARTE France (Firm)</subfield></datafield><datafield ind1='4' ind2='0' tag='856'><subfield code='z'>Part of the Films On Demand collection.</subfield><subfield code='u'>http://libproxy.temple.edu/login?url=http://fod.infobase.com/PortalPlaylists.aspx?wID=103640&amp;xtid=145231</subfield></datafield><datafield ind1=' ' ind2=' ' tag='902'><subfield code='a'>Films on Demand 20180517</subfield></datafield><datafield ind1=' ' ind2=' ' tag='979'><subfield code='a'>1000145231</subfield></datafield><datafield ind1=' ' ind2=' ' tag='PRT'><subfield code='a'>53426599530003811</subfield><subfield code='b'>https://sandbox01-na.alma.exlibrisgroup.com/view/uresolver/01TULI_INST/openurl?u.ignore_date_coverage=true&amp;rft.mms_id=991036905287103811</subfield><subfield code='c'>Films on Demand Streaming Video</subfield><subfield code='8'>53426599530003811</subfield></datafield></record>