
<record xmlns='http://www.loc.gov/MARC21/slim'><leader>04374cam a2200421Ii 4500</leader><controlfield tag='005'>20180514095558.0</controlfield><controlfield tag='008'>170901t20172017gw ac    bc   000 0 ger d</controlfield><controlfield tag='001'>991036897981503811</controlfield><datafield ind1=' ' ind2=' ' tag='020'><subfield code='a'>9783862066537</subfield><subfield code='q'>(hd.bd.)</subfield></datafield><datafield ind1=' ' ind2=' ' tag='020'><subfield code='a'>3862066533</subfield><subfield code='q'>(hd.bd.)</subfield></datafield><datafield ind1='3' ind2=' ' tag='024'><subfield code='a'>9783862066537</subfield></datafield><datafield ind1=' ' ind2=' ' tag='035'><subfield code='a'>(OCoLC)1002808804</subfield></datafield><datafield ind1=' ' ind2=' ' tag='040'><subfield code='a'>OHX</subfield><subfield code='b'>eng</subfield><subfield code='e'>rda</subfield><subfield code='c'>OHX</subfield><subfield code='d'>JPG</subfield><subfield code='d'>NLE</subfield><subfield code='d'>CIA</subfield><subfield code='d'>FDA</subfield></datafield><datafield ind1='1' ind2=' ' tag='041'><subfield code='a'>ger</subfield><subfield code='a'>eng</subfield><subfield code='h'>ger</subfield><subfield code='h'>fre</subfield></datafield><datafield ind1=' ' ind2='4' tag='050'><subfield code='a'>N5262.L36</subfield><subfield code='b'>V66 2017</subfield></datafield><datafield ind1=' ' ind2='7' tag='072'><subfield code='a'>N</subfield><subfield code='2'>lcco</subfield></datafield><datafield ind1='0' ind2='0' tag='245'><subfield code='a'>Von Christo bis Kiefer =</subfield><subfield code='b'>From Christo to Kiefer : Collection Lambert, Avignon /</subfield><subfield code='c'>Herausgeber, Markus Müller und Eric Mézil ; Übersetzung, Bernd Weiss, Peter Doherty.</subfield></datafield><datafield ind1='3' ind2='1' tag='246'><subfield code='a'>From Christo to Kiefer</subfield></datafield><datafield ind1=' ' ind2='1' tag='264'><subfield code='a'>Dortmund :</subfield><subfield code='b'>Verlag Kettler,</subfield><subfield code='c'>[2017]</subfield></datafield><datafield ind1=' ' ind2='4' tag='264'><subfield code='c'>©2017</subfield></datafield><datafield ind1=' ' ind2=' ' tag='300'><subfield code='a'>207 pages :</subfield><subfield code='b'>illustrations (chiefly color), portraits ;</subfield><subfield code='c'>31 cm</subfield></datafield><datafield ind1=' ' ind2=' ' tag='336'><subfield code='a'>text</subfield><subfield code='2'>rdacontent</subfield></datafield><datafield ind1=' ' ind2=' ' tag='336'><subfield code='a'>still image</subfield><subfield code='2'>rdacontent</subfield></datafield><datafield ind1=' ' ind2=' ' tag='337'><subfield code='a'>unmediated</subfield><subfield code='2'>rdamedia</subfield></datafield><datafield ind1=' ' ind2=' ' tag='338'><subfield code='a'>volume</subfield><subfield code='2'>rdacarrier</subfield></datafield><datafield ind1=' ' ind2=' ' tag='500'><subfield code='a'>On occasion of the exhibition &quot;From Christo to Kiefer - The Collection Lambert, Avignon&quot; at Kunstmuseum Pablo Picasso, Münster, June 2 to October 1, 2017.</subfield></datafield><datafield ind1='0' ind2=' ' tag='505'><subfield code='a'>Interview with Yvon Lambert / Eric Mézil -- Collection Lambert: the future begins in the past : Etienne Carjat: Portrait of Charles Baudelaire ; Edouard Manet: Illustrations for Edgar Allen Poe, translated by Mallarmé ; Julia Margret Cameron and Virginia Woolf: Picture and novel portrait hybrid ; Louise Lawler: Portrait in the picture ; Gisèle Freund: Virginia Woolf&apos;s worktable ; Kay Rosen: The name of Virginia Woolf ; Edward Steichen: Portrait of Rodin&apos;s Balzac ; Man Ray: Portrait of Gertrude Stein ; Adel Abdessemed: Marcel Proust on his deathbed, after Man Ray ; Marcel Broodthaers: Un coup de dés jamais n&apos;abolira le hasard ; Ellsworth Kelly: Un coup de dés jamais n&apos;abolira le hasard -- Mythology and the archaeology of knowledge : Francesco Clemente ; Nan Goldin ; Louise Lawler ; Giulio Paolini ; Kay Rosen ; Haim Steinbach ; Cy Twombly ; Francesco Vezzoli -- New figuration : Miquel Barceló ; Jean-Michel Basquiat ; Louis Jammes ; Julian Schnabel -- Political commitment : Claire Fontaine ; Jenny Holzer ; Barbara Kruger ; Bruce Nauman ; Andres Serrano ; Niele Toroni ; Lawrence Weiner -- Of black and white, light and death : Adel Abdessemed ; Christian Boltanski ; Douglas Gordon ; On Kawara ; Anselm Kiefer ; Bertrand Lavier ; Sol LeWitt ; Christian Marclay ; Robert Ryman ; Niele Toroni -- Landscape and land art : Christo ; Douglas Gordon ; Dan Graham ; Richard Long ; Jonas Mekas ; Dennis Oppenheim.</subfield></datafield><datafield ind1='8' ind2=' ' tag='520'><subfield code='a'>At the age of 81, Yvon Lambert is one of the most influential collectors of our time. He was only 14 years old when he used his pocket money to buy his first work of art. In 1966, he opened his own gallery in Paris, which soon became a top venue for contemporary art. It was Lambert who introduced the minimal art, land art and conceptual art movements to a wider European audience at a time when they were still relatively new. Besides his work as an art dealer, Lambert has spent the past fifty years creating one of the most prominent collections of contemporary art. In 2011, he donated more than 600 of his works to the French state, which are now on display in a specially dedicated museum in Avignon. In the context of the art project Skulptur Projekte Münster 2017, the Pablo Picasso Art Museum in Münster brings the Lambert Collection to Germany for the first time. In particular, the exhibition features works of artists who have been part of the Skulptur Projekte programme since its early years. Some of their works include installations that still exist in the city today.  Exhibition: Kunstmuseum Pablo Picasso, Münster, Germany (02.06.-01.10.2017).</subfield></datafield><datafield ind1=' ' ind2=' ' tag='546'><subfield code='a'>Parallel texts in English and German.</subfield></datafield><datafield ind1='1' ind2='0' tag='600'><subfield code='a'>Lambert, Yvon,</subfield><subfield code='d'>1936-</subfield><subfield code='x'>Art collections</subfield><subfield code='v'>Exhibitions.</subfield></datafield><datafield ind1='0' ind2='0' tag='630'><subfield code='a'>Collection Lambert</subfield><subfield code='v'>Exhibitions.</subfield></datafield><datafield ind1=' ' ind2='0' tag='650'><subfield code='a'>Art, Modern</subfield><subfield code='y'>20th century</subfield><subfield code='v'>Exhibitions.</subfield></datafield><datafield ind1=' ' ind2='0' tag='650'><subfield code='a'>Art, Modern</subfield><subfield code='y'>21st century</subfield><subfield code='v'>Exhibitions.</subfield></datafield><datafield ind1='1' ind2=' ' tag='700'><subfield code='a'>Müller, Markus,</subfield><subfield code='d'>1965-</subfield></datafield><datafield ind1='1' ind2=' ' tag='700'><subfield code='a'>Mézil, Éric.</subfield></datafield><datafield ind1='2' ind2=' ' tag='710'><subfield code='a'>Kunstmuseum Pablo Picasso Münster.</subfield></datafield><datafield ind1=' ' ind2=' ' tag='979'><subfield code='a'>(OCoLC)1002808804</subfield></datafield><datafield ind1=' ' ind2=' ' tag='997'><subfield code='a'>20180503155334.0</subfield><subfield code='c'>YL</subfield><subfield code='d'>TEU</subfield><subfield code='s'>OCLC</subfield><subfield code='e'>MARCIVE</subfield><subfield code='e'>WCAT</subfield></datafield><datafield ind1='0' ind2=' ' tag='HLD'><subfield code='b'>MAIN</subfield><subfield code='c'>stacks</subfield><subfield code='h'>N5262.L36</subfield><subfield code='i'>V66 2017</subfield><subfield code='8'>22426069050003811</subfield></datafield><datafield ind1=' ' ind2=' ' tag='ITM'><subfield code='b'>1</subfield><subfield code='h'>0</subfield><subfield code='g'>stacks</subfield><subfield code='9'>39074025871120</subfield><subfield code='e'>stacks</subfield><subfield code='8'>23426069010003811</subfield><subfield code='a'>0</subfield><subfield code='q'>2018-05-03 19:56:01</subfield><subfield code='i'>N5262.L36 V66 2017</subfield><subfield code='d'>MAIN</subfield><subfield code='r'>2018-05-03 19:56:01</subfield><subfield code='f'>MAIN</subfield></datafield></record>