
<record xmlns='http://www.loc.gov/MARC21/slim'><leader>01472nam  2200385 i 4500</leader><controlfield tag='001'>991036898321503811</controlfield><controlfield tag='005'>20170822121026.0</controlfield><controlfield tag='006'>m     o  d |      </controlfield><controlfield tag='007'>cr -n---------</controlfield><controlfield tag='008'>150220t20152015enkao   ob    001 0 eng d</controlfield><datafield ind1=' ' ind2=' ' tag='020'><subfield code='a'>0-85785-225-6</subfield></datafield><datafield ind1=' ' ind2=' ' tag='035'><subfield code='a'>(CKB)3710000000354220</subfield></datafield><datafield ind1=' ' ind2=' ' tag='035'><subfield code='a'>(EBL)1939097</subfield></datafield><datafield ind1=' ' ind2=' ' tag='035'><subfield code='a'>(SSID)ssj0001421093</subfield></datafield><datafield ind1=' ' ind2=' ' tag='035'><subfield code='a'>(PQKBManifestationID)12598982</subfield></datafield><datafield ind1=' ' ind2=' ' tag='035'><subfield code='a'>(PQKBTitleCode)TC0001421093</subfield></datafield><datafield ind1=' ' ind2=' ' tag='035'><subfield code='a'>(PQKBWorkID)11409851</subfield></datafield><datafield ind1=' ' ind2=' ' tag='035'><subfield code='a'>(PQKB)11221481</subfield></datafield><datafield ind1=' ' ind2=' ' tag='035'><subfield code='a'>(MiAaPQ)EBC1939097</subfield></datafield><datafield ind1=' ' ind2=' ' tag='035'><subfield code='a'>(EXLCZ)993710000000354220</subfield></datafield><datafield ind1=' ' ind2=' ' tag='040'><subfield code='a'>MiAaPQ</subfield><subfield code='b'>eng</subfield><subfield code='e'>rda</subfield><subfield code='e'>pn</subfield><subfield code='c'>MiAaPQ</subfield><subfield code='d'>MiAaPQ</subfield></datafield><datafield ind1=' ' ind2=' ' tag='041'><subfield code='a'>eng</subfield></datafield><datafield ind1=' ' ind2='4' tag='050'><subfield code='a'>N72.S6</subfield><subfield code='b'>.G43 2015</subfield></datafield><datafield ind1='0' ind2='0' tag='082'><subfield code='a'>701/.03</subfield></datafield><datafield ind1='1' ind2=' ' tag='100'><subfield code='a'>Geczy, Adam,</subfield><subfield code='e'>author.</subfield></datafield><datafield ind1='1' ind2='0' tag='245'><subfield code='a'>Fashionable art /</subfield><subfield code='c'>Adam Geczy and Jacqueline Millner.</subfield></datafield><datafield ind1=' ' ind2='1' tag='264'><subfield code='a'>London, England ;</subfield><subfield code='a'>New York :</subfield><subfield code='b'>Bloomsbury Academic,</subfield><subfield code='c'>2015.</subfield></datafield><datafield ind1=' ' ind2='4' tag='264'><subfield code='c'>©2015</subfield></datafield><datafield ind1=' ' ind2=' ' tag='300'><subfield code='a'>1 online resource (201 p.)</subfield></datafield><datafield ind1=' ' ind2=' ' tag='336'><subfield code='a'>text</subfield><subfield code='b'>txt</subfield></datafield><datafield ind1=' ' ind2=' ' tag='337'><subfield code='a'>computer</subfield><subfield code='b'>c</subfield></datafield><datafield ind1=' ' ind2=' ' tag='338'><subfield code='a'>online resource</subfield><subfield code='b'>cr</subfield></datafield><datafield ind1=' ' ind2=' ' tag='500'><subfield code='a'>Description based upon print version of record.</subfield></datafield><datafield ind1='0' ind2=' ' tag='505'><subfield code='a'>Cover; CONTENTS; List of Illustrations; Acknowledgements; Introduction; 1 WHAT IS FASHIONABLEART?; 2 THE ARTIST AS IMPRESARIO,THE ARTIST AS BRAND: FROMBAUDELAIRE TO BARNEY; Pre-modernism; Dandies and the artist as the embodied work of art; The artist-hero; Artist as brand and go-between; The end of the critic, the rise of the agent-dealer; The artist as pure image: Matthew Barney; 3 &apos;LOOK AT ME I&apos;MDIFFERENT!&apos;: IDENTITY ARTAND THE EXPECTATIONSOF RACE; Transorientalism; Basquiat: Martyr of the exotic; Global curating; 4 EXOTICISM AT THE BRINK:CONTEMPORARY CHINESEAND ABORIGINAL ART</subfield></datafield><datafield ind1='8' ind2=' ' tag='505'><subfield code='a'>Aboriginal art and the dotContemporary Chinese art; 5 LESS IS LESS:FORMLESSNESS; L&apos;informe; Postmodern anti-aesthetics; The critical value of formlessness; 6 COME FLY WITH ME:PARTICIPATORY ART,INTERACTIVITY ANDAUDIENCE INVOLVEMENT; Relational aesthetics; Critiques of relational aesthetics; Broadening out participatory practices: Community; New community arts?; 7 VIDEO ART ANDVIDEOPHILIA; Activism and self: The 1970s and its fashion legacy; Thelanguage of video, the found image and appropriation: The fashion legacy of the 1980s</subfield></datafield><datafield ind1='8' ind2=' ' tag='505'><subfield code='a'>Installationand alternative spatial experiences: The 1990s and their fashion legacyVideo and the return of narrative; The postmedium condition: Aesthetics and participation; 8 MINIMALISM: DONALDJUDD OR IKEA?; Classic Minimalism and its early critiques; From Minimalism to anti-aesthetics; Contemporary Minimalism as IKEA art; Contemporary Minimalism as experience design; Notso fashionable? Feminizing Minimalism, formlessness and embodied immediacy; 9 INSIDE-OUT: OUTSIDERARTISTS GO INSIDE; The fraud of Outsider Art; True nature, but packaged; Say nothing, say everything</subfield></datafield><datafield ind1='8' ind2=' ' tag='505'><subfield code='a'>Conclusion: Fashionable ArtBibliography; Index</subfield></datafield><datafield ind1=' ' ind2=' ' tag='520'><subfield code='a'>Owing to digitization, globalization and mass culture, what is deemed &apos;desirable&apos; and &apos;of the moment&apos; in art has increasingly followed the patterns of fashion. While in the past artistic styles were always inflected with signs of their modernity, today biennales and art markets are defined by the next big thing, the next sensation, the next new idea. But how do opinions of what is &apos;good&apos;, &apos;progressive&apos; and &apos;cutting edge&apos; guide styles? What is it that makes works of art fashionable and commercial?  Fashionable Art critically explores the relationships between art, commerce, taste and cultural v</subfield></datafield><datafield ind1=' ' ind2=' ' tag='546'><subfield code='a'>English</subfield></datafield><datafield ind1=' ' ind2=' ' tag='504'><subfield code='a'>Includes bibliographical references and index.</subfield></datafield><datafield ind1=' ' ind2=' ' tag='588'><subfield code='a'>Description based on print version record.</subfield></datafield><datafield ind1=' ' ind2='0' tag='650'><subfield code='a'>Art and society.</subfield></datafield><datafield ind1=' ' ind2='0' tag='650'><subfield code='a'>Aesthetics.</subfield></datafield><datafield ind1=' ' ind2='0' tag='650'><subfield code='a'>Social values.</subfield></datafield><datafield ind1=' ' ind2='4' tag='655'><subfield code='a'>Electronic books.</subfield></datafield><datafield ind1=' ' ind2=' ' tag='776'><subfield code='z'>1-336-21208-X</subfield></datafield><datafield ind1=' ' ind2=' ' tag='776'><subfield code='z'>0-85785-181-0</subfield></datafield><datafield ind1='1' ind2=' ' tag='700'><subfield code='a'>Millner, Jacqueline,</subfield><subfield code='e'>author.</subfield></datafield><datafield ind1=' ' ind2=' ' tag='906'><subfield code='a'>BOOK</subfield></datafield><datafield ind1=' ' ind2=' ' tag='PRT'><subfield code='a'>53422926580003811</subfield><subfield code='b'>https://sandbox01-na.alma.exlibrisgroup.com/view/uresolver/01TULI_INST/openurl?u.ignore_date_coverage=true&amp;rft.mms_id=991036898321503811</subfield><subfield code='e'>EBSCOhost</subfield><subfield code='c'>EBSCOhost eBook Community College Collection</subfield><subfield code='h'>613860000000000003</subfield><subfield code='8'>53422926580003811</subfield></datafield></record>