
<record xmlns='http://www.loc.gov/MARC21/slim'><leader>03639cam a2200445 i 4500</leader><controlfield tag='005'>20170825210000.0</controlfield><controlfield tag='008'>150731s2015    enka          000 0 eng  </controlfield><controlfield tag='001'>991013026019703811</controlfield><datafield ind1=' ' ind2=' ' tag='010'><subfield code='a'>2015030114</subfield></datafield><datafield ind1=' ' ind2=' ' tag='020'><subfield code='a'>9781784781767</subfield><subfield code='q'>(hardback)</subfield></datafield><datafield ind1=' ' ind2=' ' tag='020'><subfield code='a'>1784781762</subfield><subfield code='q'>(hardback)</subfield></datafield><datafield ind1=' ' ind2=' ' tag='035'><subfield code='a'>(PPT)b58640502-01tuli_inst</subfield></datafield><datafield ind1=' ' ind2=' ' tag='035'><subfield code='a'>(OCoLC)915775090</subfield></datafield><datafield ind1=' ' ind2=' ' tag='035'><subfield code='a'>ocn915775090</subfield></datafield><datafield ind1=' ' ind2=' ' tag='035'><subfield code='a'>(OCLC)ocn915775090</subfield></datafield><datafield ind1=' ' ind2=' ' tag='040'><subfield code='a'>DLC</subfield><subfield code='b'>eng</subfield><subfield code='e'>rda</subfield><subfield code='c'>DLC</subfield><subfield code='d'>YDX</subfield><subfield code='d'>OCLCF</subfield><subfield code='d'>YDXCP</subfield><subfield code='d'>NYP</subfield><subfield code='d'>FM0</subfield><subfield code='d'>OCLCQ</subfield></datafield><datafield ind1=' ' ind2=' ' tag='042'><subfield code='a'>pcc</subfield></datafield><datafield ind1=' ' ind2=' ' tag='079'><subfield code='a'>ocn915775090</subfield></datafield><datafield ind1=' ' ind2=' ' tag='090'><subfield code='a'>N7445.2</subfield><subfield code='b'>.B466 2015</subfield></datafield><datafield ind1='1' ind2=' ' tag='100'><subfield code='a'>Berger, John,</subfield><subfield code='e'>author.</subfield></datafield><datafield ind1='0' ind2='0' tag='240'><subfield code='a'>Essays.</subfield><subfield code='k'>Selections</subfield></datafield><datafield ind1='1' ind2='0' tag='245'><subfield code='a'>Portraits :</subfield><subfield code='b'>John Berger on artists /</subfield><subfield code='c'>by John Berger ; edited by Tom Overton.</subfield></datafield><datafield ind1='3' ind2='0' tag='246'><subfield code='a'>John Berger on artists</subfield></datafield><datafield ind1=' ' ind2='1' tag='264'><subfield code='a'>London ;</subfield><subfield code='a'>Brooklyn, NY :</subfield><subfield code='b'>Verso,</subfield><subfield code='c'>2015.</subfield></datafield><datafield ind1=' ' ind2=' ' tag='300'><subfield code='a'>xxii, 512 pages :</subfield><subfield code='b'>illustrations ;</subfield><subfield code='c'>25 cm</subfield></datafield><datafield ind1=' ' ind2=' ' tag='336'><subfield code='a'>text</subfield><subfield code='b'>txt</subfield><subfield code='2'>rdacontent</subfield></datafield><datafield ind1=' ' ind2=' ' tag='336'><subfield code='a'>still image</subfield><subfield code='b'>sti</subfield><subfield code='2'>rdacontent</subfield></datafield><datafield ind1=' ' ind2=' ' tag='337'><subfield code='a'>unmediated</subfield><subfield code='b'>n</subfield><subfield code='2'>rdamedia</subfield></datafield><datafield ind1=' ' ind2=' ' tag='338'><subfield code='a'>volume</subfield><subfield code='b'>nc</subfield><subfield code='2'>rdacarrier</subfield></datafield><datafield ind1='0' ind2=' ' tag='505'><subfield code='a'>The Chauvet Cave painters -- The Fayum portrait painters -- Piero della Francesca -- Antonello da Messina -- Andrea Mantegna -- Hieronymous Bosch -- Pieter Bruegel the elder -- Giovanni Bellini -- Matthias Grünewald -- Albrecht Dürer -- Michelangelo -- Titian -- Hans Holbein the younger -- Caravaggio -- Frans Hals -- Diego Velázquez -- Rembrandt -- Willem Drost -- Jean-Antoine Watteau -- Francisco de Honoré Goya -- Honoré Daumier -- J.M.W. Turner -- Jean-Louis-André-Théodore Géricault -- Jean-François Millet -- Gustave Courbet -- Edgar Degas -- Ferdinand &quot;Le facteur&quot; Cheval -- Paul Cézanne -- Claude Monet -- Vincent van Gogh -- Käthe Kollwitz -- Henri Matisse -- Pablo Picasso -- Fernand Léger -- Ossip Zadkine -- Henry Moore -- Peter Lazslo Peri -- Alberto Giacometti -- Mark Rothko -- Robert Medley -- Frida Kahlo -- Francis Bacon -- Renato Guttuso -- Jackson Pollock -- Pollock and Lee Krasner -- Abidin Dino -- Nicolas de Staël -- Prunella Clough -- Sven Blomberg -- Friso Ten Holt -- Peter de Francia -- Francis Newton Souza -- Yvonne Barlow -- Ernst Neizvestny -- Leon Kossoff -- Anthony Fry -- Cy Twombly -- Frank Auerbach -- Vija Celmins -- Michael Quanne -- Maggi Hambling -- Liane Birnberg -- Peter Kennard -- Andres Serrano -- Juan Muñoz -- Rostia Kunovsky -- Jaume Plensa -- Cristina Iglesias -- Martin Noel -- Jean-Michel Basquiat -- Marisa Camino -- Christoph Hänsli -- Michael Broughton -- Randa Mdah.</subfield></datafield><datafield ind1=' ' ind2=' ' tag='520'><subfield code='a'>&quot;A major new book from one of the world&apos;s leading writers and art critics One of the world&apos;s most celebrated art writers, John Berger, takes us through centuries of art revealing his fascination with the artist. In Portraits, Berger connects the artist and history in revolutionary ways, from the prehistoric paintings of the Chauvet caves to Cy Twombly&apos;s radical work. In his penetrating and singular prose, Berger presents entirely new ways of thinking about artists both canonized and obscure, from Rembrandt to Henry Moore, Jackson Pollock to Picasso. Throughout, Berger maintains the essential connection between politics, art and the wider study of culture. A beautifully illustrated walk through many centuries of visual culture from one of the contemporary world&apos;s most incisive critical voices&quot;--</subfield><subfield code='c'>Provided by publisher.</subfield></datafield><datafield ind1=' ' ind2='0' tag='650'><subfield code='a'>Art.</subfield></datafield><datafield ind1=' ' ind2='7' tag='650'><subfield code='a'>Art.</subfield><subfield code='2'>fast</subfield><subfield code='0'>(OCoLC)fst00815177</subfield></datafield><datafield ind1='1' ind2=' ' tag='700'><subfield code='a'>Overton, Tom,</subfield><subfield code='e'>editor.</subfield></datafield><datafield ind1=' ' ind2=' ' tag='902'><subfield code='a'>170206</subfield></datafield><datafield ind1=' ' ind2=' ' tag='907'><subfield code='a'>.b58640502</subfield><subfield code='b'>p    </subfield><subfield code='c'>-</subfield></datafield><datafield ind1=' ' ind2=' ' tag='945'><subfield code='l'>pstk </subfield><subfield code='g'>1</subfield></datafield><datafield ind1=' ' ind2=' ' tag='979'><subfield code='a'>ocn915775090</subfield></datafield><datafield ind1=' ' ind2=' ' tag='998'><subfield code='b'>1</subfield><subfield code='c'>151217</subfield><subfield code='d'>m</subfield><subfield code='e'>a</subfield><subfield code='f'>-</subfield><subfield code='g'>0</subfield></datafield><datafield ind1=' ' ind2=' ' tag='998'><subfield code='b'>1</subfield><subfield code='c'>151217</subfield><subfield code='d'>m</subfield><subfield code='e'>a</subfield><subfield code='f'>-</subfield><subfield code='g'>0</subfield></datafield><datafield ind1='0' ind2=' ' tag='HLD'><subfield code='b'>JAPAN</subfield><subfield code='c'>stacks</subfield><subfield code='h'>N7445.2</subfield><subfield code='i'>.B466 2015</subfield><subfield code='8'>22419874850003811</subfield></datafield><datafield ind1='0' ind2=' ' tag='HLD'><subfield code='b'>MAIN</subfield><subfield code='c'>stacks</subfield><subfield code='h'>N7445.2</subfield><subfield code='i'>.B466 2015</subfield><subfield code='8'>22283863370003811</subfield></datafield><datafield ind1=' ' ind2=' ' tag='ITM'><subfield code='b'>0</subfield><subfield code='h'>0</subfield><subfield code='g'>stacks</subfield><subfield code='9'>31982070502762</subfield><subfield code='e'>stacks</subfield><subfield code='8'>23419874840003811</subfield><subfield code='a'>0</subfield><subfield code='q'>2018-04-25 03:14:11</subfield><subfield code='i'>N7445.2 .B466 2015</subfield><subfield code='d'>JAPAN</subfield><subfield code='r'>2018-05-08 04:41:50</subfield><subfield code='f'>JAPAN</subfield></datafield><datafield ind1=' ' ind2=' ' tag='ITM'><subfield code='b'>0</subfield><subfield code='h'>0</subfield><subfield code='g'>stacks</subfield><subfield code='9'>39074028842722</subfield><subfield code='e'>stacks</subfield><subfield code='8'>23283863360003811</subfield><subfield code='a'>0</subfield><subfield code='q'>2017-06-20 08:34:50</subfield><subfield code='i'>N7445.2 .B466 2015</subfield><subfield code='d'>MAIN</subfield><subfield code='r'>2017-09-23 20:07:12</subfield><subfield code='f'>MAIN</subfield></datafield></record>