
<record xmlns='http://www.loc.gov/MARC21/slim'><leader>01265nam  2200337 i 4500</leader><controlfield tag='001'>991036818366703811</controlfield><controlfield tag='005'>20170822144154.0</controlfield><controlfield tag='006'>m     o  d |      </controlfield><controlfield tag='007'>cr -n---------</controlfield><controlfield tag='008'>150206t20142014gw a    ob    000 0 eng|d</controlfield><datafield ind1=' ' ind2=' ' tag='020'><subfield code='a'>3-8394-2411-9</subfield></datafield><datafield ind1=' ' ind2=' ' tag='035'><subfield code='a'>(CKB)3460000000133115</subfield></datafield><datafield ind1=' ' ind2=' ' tag='035'><subfield code='a'>(EBL)2055309</subfield></datafield><datafield ind1=' ' ind2=' ' tag='035'><subfield code='a'>(SSID)ssj0001558946</subfield></datafield><datafield ind1=' ' ind2=' ' tag='035'><subfield code='a'>(PQKBManifestationID)16184468</subfield></datafield><datafield ind1=' ' ind2=' ' tag='035'><subfield code='a'>(PQKBTitleCode)TC0001558946</subfield></datafield><datafield ind1=' ' ind2=' ' tag='035'><subfield code='a'>(PQKBWorkID)14813441</subfield></datafield><datafield ind1=' ' ind2=' ' tag='035'><subfield code='a'>(PQKB)10306415</subfield></datafield><datafield ind1=' ' ind2=' ' tag='035'><subfield code='a'>(MiAaPQ)EBC2055309</subfield></datafield><datafield ind1=' ' ind2=' ' tag='035'><subfield code='a'>(EXLCZ)993460000000133115</subfield></datafield><datafield ind1=' ' ind2=' ' tag='040'><subfield code='a'>MiAaPQ</subfield><subfield code='b'>eng</subfield><subfield code='e'>rda</subfield><subfield code='e'>pn</subfield><subfield code='c'>MiAaPQ</subfield><subfield code='d'>MiAaPQ</subfield></datafield><datafield ind1=' ' ind2=' ' tag='041'><subfield code='a'>eng</subfield></datafield><datafield ind1=' ' ind2='4' tag='050'><subfield code='a'>N8217.F43</subfield><subfield code='b'>A78 2014</subfield></datafield><datafield ind1='1' ind2=' ' tag='100'><subfield code='a'>Genge, Gabriele.</subfield></datafield><datafield ind1='0' ind2='0' tag='245'><subfield code='a'>Art history and fetishism abroad :</subfield><subfield code='b'>global shiftings in media and methods /</subfield><subfield code='c'>Gabriele Genge, Angela Stercken (eds.).</subfield></datafield><datafield ind1=' ' ind2='1' tag='264'><subfield code='a'>Bielefeld :</subfield><subfield code='b'>Transcript,</subfield><subfield code='c'>[2014]</subfield></datafield><datafield ind1=' ' ind2='4' tag='264'><subfield code='c'>©2014</subfield></datafield><datafield ind1=' ' ind2=' ' tag='300'><subfield code='a'>1 online resource (325 p.)</subfield></datafield><datafield ind1=' ' ind2=' ' tag='336'><subfield code='a'>text</subfield><subfield code='b'>txt</subfield></datafield><datafield ind1=' ' ind2=' ' tag='337'><subfield code='a'>computer</subfield><subfield code='b'>c</subfield></datafield><datafield ind1=' ' ind2=' ' tag='338'><subfield code='a'>online resource</subfield><subfield code='b'>cr</subfield></datafield><datafield ind1='0' ind2=' ' tag='490'><subfield code='a'>Image ;</subfield><subfield code='v'>volume 54</subfield></datafield><datafield ind1=' ' ind2=' ' tag='500'><subfield code='a'>Description based upon print version of record.</subfield></datafield><datafield ind1='0' ind2=' ' tag='505'><subfield code='a'>cover Art History and Fetishism Abroad. Global Shiftings in Media and Methods; Content; Preface; Being Abroad - an Introduction; Phenomenologies; Survival of Images? Fetish and the Concept of the Image between West Africa and Europe; Speared Heads. Portraits as Things in 20th-Century Sculpture; Fetishism from the Space of Bowdich&apos;s Mission from Cape Coast Castle to Ashantee to the Time of Erasmus Osei Owusu&apos;s (film) Obidi? Aba: Time Will Tell; Production of Knowledge; Currency Affairs. Photography and Productivity</subfield></datafield><datafield ind1='8' ind2=' ' tag='505'><subfield code='a'>Transcultural Interpretation and the Production of Alterity: Photography, Materiality, and Mediation in the Making of &quot;African Art&quot;[Arte]Fact, Object, Image. Jean-Michel Basquiat&apos;s Archives of the Black Atlantic; On a Pedestal? On the Problem of the Sculptural as a Category of Perception for Islamic Objects; Under the Influence of Things; Bocio. From nothingness to Liminality and Minimality; Encounters with Masks: Counter-Primitivism in 20th-Century Black Art; Fetishising Modernity: Bricolage Revisited; Fixing Shadows: Photography Beyond the Indexical; Politics of Identity</subfield></datafield><datafield ind1='8' ind2=' ' tag='505'><subfield code='a'>Incorporations of the Other - Exotic Objects, Tropicalism, and AnthropophagyThe Court in Dakar. Political Aesthetics in the Post-Colony; Monumentality and Transnationality: The Fascination with Gigantic Ding Bronze Vessels in Modern China; Why Have There Been No Great Forgeries? Collectors, Artefacts, and the Question of Originality; Biographical Notes</subfield></datafield><datafield ind1=' ' ind2=' ' tag='520'><subfield code='a'>By focusing on the various modes and media of the fetishised object, this anthology shifts the debates on thingness into a new global art historical perspective. The contributors explore the attention given to those material images, in both artistic and cultural practice from the heyday of colonial expansion until today. They show that in becoming vehicles and agents of transculturality, so called »fetishes« take shape in the 17th to 19th century aesthetics, psychology and ethnography - and furthermore inspire a recent discourse on magical practice and its secular meanings requiring altered ar</subfield></datafield><datafield ind1=' ' ind2=' ' tag='546'><subfield code='a'>English</subfield></datafield><datafield ind1=' ' ind2=' ' tag='504'><subfield code='a'>Includes bibliographical references.</subfield></datafield><datafield ind1=' ' ind2=' ' tag='588'><subfield code='a'>Description based on print version record.</subfield></datafield><datafield ind1=' ' ind2='0' tag='650'><subfield code='a'>Fetishism in art.</subfield></datafield><datafield ind1=' ' ind2='4' tag='655'><subfield code='a'>Electronic books.</subfield></datafield><datafield ind1=' ' ind2=' ' tag='776'><subfield code='z'>3-8376-2411-0</subfield></datafield><datafield ind1=' ' ind2=' ' tag='776'><subfield code='z'>1-322-07925-0</subfield></datafield><datafield ind1='1' ind2=' ' tag='700'><subfield code='a'>Genge, Gabriele,</subfield><subfield code='e'>editor.</subfield></datafield><datafield ind1='1' ind2=' ' tag='700'><subfield code='a'>Stercken, Angela,</subfield><subfield code='e'>editor.</subfield></datafield><datafield ind1=' ' ind2='0' tag='830'><subfield code='a'>Image</subfield></datafield><datafield ind1=' ' ind2=' ' tag='906'><subfield code='a'>BOOK</subfield></datafield><datafield ind1=' ' ind2=' ' tag='ADM'><subfield code='b'>2017-12-03 09:58:54</subfield><subfield code='e'>(CKB)3460000000133115</subfield><subfield code='d'>PQNKB</subfield><subfield code='f'>20160828021234.0</subfield><subfield code='a'>2014-08-10 00:12:22</subfield><subfield code='c'>false</subfield></datafield><datafield ind1=' ' ind2=' ' tag='PRT'><subfield code='a'>53395542970003811</subfield><subfield code='b'>https://sandbox01-na.alma.exlibrisgroup.com/view/uresolver/01TULI_INST/openurl?u.ignore_date_coverage=true&amp;rft.mms_id=991036818366703811</subfield><subfield code='e'>EBSCOhost</subfield><subfield code='9'>Available</subfield><subfield code='c'>EBSCOhost Academic eBook Collection (North America)</subfield><subfield code='h'>613640000000000029</subfield><subfield code='8'>53395542970003811</subfield></datafield><datafield ind1=' ' ind2=' ' tag='PRT'><subfield code='a'>53396814360003811</subfield><subfield code='b'>https://sandbox01-na.alma.exlibrisgroup.com/view/uresolver/01TULI_INST/openurl?u.ignore_date_coverage=true&amp;rft.mms_id=991036818366703811</subfield><subfield code='e'>EBSCOhost</subfield><subfield code='9'>Available</subfield><subfield code='c'>EBSCOhost eBook Community College Collection</subfield><subfield code='h'>613860000000000003</subfield><subfield code='8'>53396814360003811</subfield></datafield></record>