
<record xmlns='http://www.loc.gov/MARC21/slim'><leader>03229cam a2200397 i 4500</leader><controlfield tag='005'>20180322145718.0</controlfield><controlfield tag='008'>131129s2014    cau           000 p eng  </controlfield><controlfield tag='001'>991003621909703811</controlfield><datafield ind1=' ' ind2=' ' tag='010'><subfield code='a'>2013043755</subfield></datafield><datafield ind1=' ' ind2=' ' tag='020'><subfield code='a'>9780872866140 (pbk.)</subfield></datafield><datafield ind1=' ' ind2=' ' tag='020'><subfield code='a'>0872866149 (pbk.)</subfield></datafield><datafield ind1=' ' ind2=' ' tag='035'><subfield code='a'>(PPT)b56315247-01tuli_inst</subfield></datafield><datafield ind1=' ' ind2=' ' tag='035'><subfield code='a'>(OCoLC)ocn883295915</subfield><subfield code='9'>ExL</subfield></datafield><datafield ind1=' ' ind2=' ' tag='035'><subfield code='a'>(OCoLC)858603127</subfield></datafield><datafield ind1=' ' ind2=' ' tag='035'><subfield code='a'>ocn858603127</subfield></datafield><datafield ind1=' ' ind2=' ' tag='035'><subfield code='a'>(OCLC)ocn858603127</subfield></datafield><datafield ind1=' ' ind2=' ' tag='040'><subfield code='a'>DLC</subfield><subfield code='b'>eng</subfield><subfield code='e'>rda</subfield><subfield code='c'>DLC</subfield><subfield code='d'>YDXCP</subfield><subfield code='d'>BTCTA</subfield><subfield code='d'>OCLCO</subfield><subfield code='d'>BDX</subfield><subfield code='d'>UOK</subfield><subfield code='d'>CDX</subfield></datafield><datafield ind1=' ' ind2=' ' tag='042'><subfield code='a'>pcc</subfield></datafield><datafield ind1=' ' ind2=' ' tag='079'><subfield code='a'>ocn858603127</subfield></datafield><datafield ind1=' ' ind2=' ' tag='090'><subfield code='a'>PS3613.O397</subfield><subfield code='b'>A6 2014</subfield></datafield><datafield ind1='1' ind2=' ' tag='100'><subfield code='a'>Moïse, Lenelle,</subfield><subfield code='d'>1980-</subfield></datafield><datafield ind1='0' ind2='0' tag='240'><subfield code='a'>Poems.</subfield><subfield code='k'>Selections</subfield></datafield><datafield ind1='1' ind2='0' tag='245'><subfield code='a'>Haiti glass /</subfield><subfield code='c'>Lenelle Moise.</subfield></datafield><datafield ind1=' ' ind2='1' tag='264'><subfield code='a'>San Francisco :</subfield><subfield code='b'>City Lights Sister Spit,</subfield><subfield code='c'>[2014]</subfield></datafield><datafield ind1=' ' ind2=' ' tag='300'><subfield code='a'>79 pages ;</subfield><subfield code='c'>21 cm.</subfield></datafield><datafield ind1=' ' ind2=' ' tag='336'><subfield code='a'>text</subfield><subfield code='2'>rdacontent</subfield></datafield><datafield ind1=' ' ind2=' ' tag='337'><subfield code='a'>unmediated</subfield><subfield code='2'>rdamedia</subfield></datafield><datafield ind1=' ' ind2=' ' tag='338'><subfield code='a'>volume</subfield><subfield code='2'>rdacarrier</subfield></datafield><datafield ind1='0' ind2=' ' tag='490'><subfield code='a'>City lights/Sister spit</subfield></datafield><datafield ind1=' ' ind2=' ' tag='520'><subfield code='a'>&quot;This is prose and verse that moves deftly between girlhood memories of growing up as a Haitian immigrant in the suburbs of Boston, to bearing witness to brutality and catastrophe, to intellectual, playful explorations of pop culture enigmas like Michael Jackson and Jean Michel Basquiat. Lenelle Moise is at home everywhere and bears witness to all, be it the presence of a skinhead on the subway, a newspaper account of unthinkable atrocity, or the &quot;noose loosened to necklace&quot; of desire. The cut of Haiti Glass lays bare a world of resistance and survival, mourning and lust, poverty, triumph, and prayer. Lenelle Moise is an award-winning poet, playwright, essayist, and nationally touring performance artist who creates jazz-infused, hip-hop bred, politicized texts about Haitian American identity, creative resistance, and the intersection of race, class, gender, sexuality, memory, and spirit. Her poems and essays are featured in several anthologies, including Word Warriors: 35 Women Leaders in the Spoken Word Revolution and We Don&apos;t Need Another Wave: Dispatches from the Next Generation of Feminists. Her writing has also been published in the Utne Reader, Make/Shift Magazine, Left Turn, and numerous other magazines and journals. She currently lives in Northampton, Massachusetts, where she was the 2010-2012 Poet Laureate. While her screenplays and plays have been published to acclaim, this is her long-awaited first book of poetry. Praise for Haiti Glass: &quot;Haiti Glass is a magnificent collection of poetry and prose. Part mantra, part lamentation, part prayer, this incredible book puts us wholly in the presence of an extraordinary and brave talent, whose voice will linger in your heart and mind long after you read the last word of this book. &quot;-Edwidge Danticat Praise for Lenelle Moi;se: &quot;Lenelle Moise brings fierce passion.&quot;-New York Times &quot;Piercing, covering territory both intimate and political. vivid and powerful.&quot;-Curve Magazine &quot;See Moise push stories from her mouth like it might save your life.&quot;-The Root &quot;--</subfield><subfield code='c'>Provided by publisher.</subfield></datafield><datafield ind1=' ' ind2='0' tag='650'><subfield code='a'>Women poets, Haitian.</subfield></datafield><datafield ind1=' ' ind2=' ' tag='907'><subfield code='a'>.b56315247</subfield><subfield code='b'>p    </subfield><subfield code='c'>-</subfield></datafield><datafield ind1=' ' ind2=' ' tag='945'><subfield code='l'>pstk </subfield><subfield code='g'>1</subfield></datafield><datafield ind1=' ' ind2=' ' tag='979'><subfield code='a'>ocn858603127</subfield></datafield><datafield ind1=' ' ind2=' ' tag='998'><subfield code='b'>1</subfield><subfield code='c'>140617</subfield><subfield code='d'>m</subfield><subfield code='e'>a</subfield><subfield code='f'>-</subfield><subfield code='g'>0</subfield></datafield><datafield ind1=' ' ind2=' ' tag='998'><subfield code='b'>1</subfield><subfield code='c'>140617</subfield><subfield code='d'>m</subfield><subfield code='e'>a</subfield><subfield code='f'>-</subfield><subfield code='g'>0</subfield></datafield><datafield ind1=' ' ind2=' ' tag='ADM'><subfield code='b'>2018-03-22 18:57:18</subfield><subfield code='e'>b56315247-01tuli_inst</subfield><subfield code='d'>ILS</subfield><subfield code='a'>2017-06-20 09:45:22</subfield><subfield code='c'>false</subfield></datafield><datafield ind1='0' ind2=' ' tag='HLD'><subfield code='b'>MAIN</subfield><subfield code='c'>stacks</subfield><subfield code='h'>PS3613.O397</subfield><subfield code='i'>A6 2014</subfield><subfield code='8'>22296794830003811</subfield></datafield><datafield ind1=' ' ind2=' ' tag='ITM'><subfield code='r'>22296794830003811</subfield><subfield code='b'>1</subfield><subfield code='h'>0</subfield><subfield code='g'>stacks</subfield><subfield code='t'>BOOK</subfield><subfield code='9'>39074028662328</subfield><subfield code='e'>stacks</subfield><subfield code='8'>23296794820003811</subfield><subfield code='a'>0</subfield><subfield code='q'>2017-06-20 09:45:22</subfield><subfield code='i'>PS3613.O397 A6 2014</subfield><subfield code='d'>MAIN</subfield><subfield code='f'>MAIN</subfield></datafield></record>