
<record xmlns='http://www.loc.gov/MARC21/slim'><leader>04136cam a2200445Ii 4500</leader><controlfield tag='005'>20180315192404.0</controlfield><controlfield tag='008'>150105s2014    enka     c    001 0 eng d</controlfield><controlfield tag='001'>991022302629703811</controlfield><datafield ind1=' ' ind2=' ' tag='020'><subfield code='a'>9780993095405</subfield><subfield code='q'>paperback</subfield></datafield><datafield ind1=' ' ind2=' ' tag='020'><subfield code='a'>0993095402</subfield></datafield><datafield ind1=' ' ind2=' ' tag='035'><subfield code='a'>(PPT)b61313518-01tuli_inst</subfield></datafield><datafield ind1=' ' ind2=' ' tag='035'><subfield code='a'>(OCoLC)899736101</subfield></datafield><datafield ind1=' ' ind2=' ' tag='040'><subfield code='a'>EUX</subfield><subfield code='b'>eng</subfield><subfield code='e'>rda</subfield><subfield code='c'>EUX</subfield><subfield code='d'>OCLCO</subfield><subfield code='d'>VVPCS</subfield><subfield code='d'>OCLCF</subfield><subfield code='d'>MZA</subfield></datafield><datafield ind1=' ' ind2='4' tag='050'><subfield code='a'>N6494.P6</subfield><subfield code='b'>P68 2014</subfield></datafield><datafield ind1=' ' ind2=' ' tag='090'><subfield code='a'>N6494.P6</subfield><subfield code='b'>P68 2014</subfield></datafield><datafield ind1='0' ind2='0' tag='245'><subfield code='a'>Post pop :</subfield><subfield code='b'>East meets West /</subfield><subfield code='c'>edited by Marco Livingstone ; with essays by Chang Tsong-Zung, Andrei Erofeev, Marco Livingstone.</subfield></datafield><datafield ind1=' ' ind2='1' tag='264'><subfield code='a'>London :</subfield><subfield code='b'>CentreInvest UK Limited,</subfield><subfield code='c'>2014.</subfield></datafield><datafield ind1=' ' ind2='4' tag='264'><subfield code='c'>©2014</subfield></datafield><datafield ind1=' ' ind2=' ' tag='300'><subfield code='a'>432 pages :</subfield><subfield code='b'>illustrations (chiefly color) ;</subfield><subfield code='c'>27 cm</subfield></datafield><datafield ind1=' ' ind2=' ' tag='336'><subfield code='a'>text</subfield><subfield code='b'>txt</subfield><subfield code='2'>rdacontent</subfield></datafield><datafield ind1=' ' ind2=' ' tag='336'><subfield code='a'>still image</subfield><subfield code='b'>sti</subfield><subfield code='2'>rdacontent</subfield></datafield><datafield ind1=' ' ind2=' ' tag='337'><subfield code='a'>unmediated</subfield><subfield code='b'>n</subfield><subfield code='2'>rdamedia</subfield></datafield><datafield ind1=' ' ind2=' ' tag='338'><subfield code='a'>volume</subfield><subfield code='b'>nc</subfield><subfield code='2'>rdacarrier</subfield></datafield><datafield ind1=' ' ind2=' ' tag='500'><subfield code='a'>Published to accompany an exhibition held at Saatchi Gallery, London, November 26 2014-February 23, 2015.</subfield></datafield><datafield ind1=' ' ind2=' ' tag='500'><subfield code='a'>&quot;Presented by Tsukanov Family Foundation, Saatchi Gallery.&quot;</subfield></datafield><datafield ind1=' ' ind2=' ' tag='500'><subfield code='a'>Includes index.</subfield></datafield><datafield ind1='0' ind2='0' tag='505'><subfield code='t'>Post Pop as a world art language and the birth of Soviet Post Pop art /</subfield><subfield code='r'>Andrei Erofeev --</subfield><subfield code='t'>Pop notes from greater China /</subfield><subfield code='r'>Chang Tsong-Zung --</subfield><subfield code='t'>The persistence of Pop : six themes /</subfield><subfield code='r'>Marco Livingstone --</subfield><subfield code='t'>Habitat --</subfield><subfield code='t'>Advertising &amp; Consumerism --</subfield><subfield code='t'>Mass media --</subfield><subfield code='t'>Ideology &amp; religion --</subfield><subfield code='t'>Sex &amp; the body --</subfield><subfield code='t'>Art history.</subfield></datafield><datafield ind1=' ' ind2=' ' tag='520'><subfield code='a'>&quot;The exhibition brings together 250 works by 110 artists from China, the Former Soviet Union, Taiwan, the UK and the USA in a comprehensive survey celebrating Pop Art&apos;s legacy. Post Pop: East Meets West examines why of all the twentieth century&apos;s art movements, Pop Art has had such a powerful influence over artists from world regions that have had very different and sometimes opposing ideologies ... The exhibition features work by: UK: Glenn Brown, Michael Craig-Martin, Tim Head, Gary Hume, Linder, David Mach, Lisa Milroy, Paul Morrison, Julian Opie, Marc Quinn, Michael Sandle, Yinka Shonibare, Gavin Turk, Rachel Whiteread, Bill Woodrow and Richard Woods. US: Daniel Arsham, Jean-Michel Basquiat, Ashley Bickerton, Mike Bidlo, Robert Gober, Peter Halley, Keith Haring, Jenny Holzer, Clay Ketter, Jeff Koons, Sherrie Levine, Paul McCarthy, Richard Prince, Tom Sachs, Andres Serrano, Cindy Sherman, Mickalene Thomas and Jonas Wood. China: Ai Weiwei, Fang Lijun, Feng Mengbo, Gu Wenda, He An, Hung Tung-Lu, Inga Svala Thórsdóttir, Kwan Sheung Chi, Michael Lin, Liu Dahong, Liu Wei, Luis Chan, Made in Company (Xu Zhen), Qiu Anxiong, Qiu Zhijie, Qiu Qijing, Sui Jianguo, Tsang Kin-Wah, Tseng Kwong-Chi, Wang Guangyi, Wang Xingwei, Wang Ziwei, Wu Junyong, Wu Shanzhuan, Yu Youhan, Zeng Fanzhi, Zhang Peili, Zheng Guogu and Zhou Tiehai. Taiwan: Chang Tsung-Hsun, Chen Yi-Chieh (Agi Chen), Hou Chun-Ming, Mei Dean-E, Wu Tien-Chang, Yao Jui Chung and Yeh Wei-Li. Former Soviet Union: AES +F, Blue Noses Group, Grisha Bruskin, Eric Bulatov, Vladimir Dubossarsky, Rimma Gerlovin, Valery Gerlovin, PG Group, Emilia Kabakov, Ilya Kabakov, Zhanna Kadyrova, Alexey Kallima, Vitaly Komar, Irina Korina, Alexander Kosolapov, Vladimir Kozhin, Oleg Kulik, Rotislav Lebedev, Vladislav Mamyshev-Monroe, Inspection Medical Hermeneutics, Alexander Melamid, Irina Nakhova, Anton Olshvang, Anatoly Osmolovsky, Boris Orlov, Pavel Pepperstein, George Pusenkoff, Recycle, Oleg Tselkov, Tsvetkov, Aidan Salakhova, Alexander Shekhovtsev, Sergey Shutov, Leonid Sokov and Alexander Vinogradov.&quot; -- http://www.saatchigallery.com.</subfield></datafield><datafield ind1=' ' ind2='0' tag='650'><subfield code='a'>Pop art.</subfield></datafield><datafield ind1=' ' ind2='0' tag='650'><subfield code='a'>Art, Modern</subfield><subfield code='y'>20th century.</subfield></datafield><datafield ind1='1' ind2=' ' tag='700'><subfield code='a'>Livingstone, Marco,</subfield><subfield code='e'>editor,</subfield><subfield code='e'>writer of supplementary textual content.</subfield></datafield><datafield ind1='1' ind2=' ' tag='700'><subfield code='a'>Chang, Tsong-zung,</subfield><subfield code='e'>writer of supplementary textual content.</subfield></datafield><datafield ind1='1' ind2=' ' tag='700'><subfield code='a'>Erofeev, Andreĭ,</subfield><subfield code='e'>writer of supplementary textual content.</subfield></datafield><datafield ind1='2' ind2=' ' tag='710'><subfield code='a'>Tsukanov Family Foundation,</subfield><subfield code='e'>issuing body.</subfield></datafield><datafield ind1='2' ind2=' ' tag='710'><subfield code='a'>Saatchi Gallery,</subfield><subfield code='e'>issuing body.</subfield></datafield><datafield ind1=' ' ind2=' ' tag='902'><subfield code='a'>160518</subfield></datafield><datafield ind1=' ' ind2=' ' tag='907'><subfield code='a'>.b61313518</subfield><subfield code='b'>jt   </subfield><subfield code='c'>-</subfield></datafield><datafield ind1=' ' ind2=' ' tag='945'><subfield code='l'>jtcas</subfield><subfield code='g'>1</subfield></datafield><datafield ind1=' ' ind2=' ' tag='998'><subfield code='b'>0</subfield><subfield code='c'>160426</subfield><subfield code='d'>m</subfield><subfield code='e'>a</subfield><subfield code='f'>-</subfield><subfield code='g'>0</subfield></datafield><datafield ind1=' ' ind2=' ' tag='998'><subfield code='b'>0</subfield><subfield code='c'>160426</subfield><subfield code='d'>m</subfield><subfield code='e'>a</subfield><subfield code='f'>-</subfield><subfield code='g'>0</subfield></datafield><datafield ind1=' ' ind2=' ' tag='ADM'><subfield code='b'>2018-03-15 23:24:04</subfield><subfield code='e'>b61313518-01tuli_inst</subfield><subfield code='d'>ILS</subfield><subfield code='a'>2017-06-20 06:44:28</subfield><subfield code='c'>false</subfield></datafield><datafield ind1='0' ind2=' ' tag='HLD'><subfield code='b'>JAPAN</subfield><subfield code='c'>stacks</subfield><subfield code='h'>N6494.P6</subfield><subfield code='i'>P68 2014</subfield><subfield code='8'>22253667870003811</subfield></datafield><datafield ind1=' ' ind2=' ' tag='ITM'><subfield code='r'>22253667870003811</subfield><subfield code='b'>1</subfield><subfield code='h'>0</subfield><subfield code='g'>stacks</subfield><subfield code='t'>BOOK</subfield><subfield code='9'>31982070469269</subfield><subfield code='e'>stacks</subfield><subfield code='8'>23253667860003811</subfield><subfield code='a'>0</subfield><subfield code='q'>2017-06-20 06:44:28</subfield><subfield code='i'>N6494.P6 P68 2014</subfield><subfield code='d'>JAPAN</subfield><subfield code='f'>JAPAN</subfield></datafield></record>