
<record xmlns='http://www.loc.gov/MARC21/slim'><leader>04047cam a2200661Ii 4500</leader><controlfield tag='005'>20171113120447.0</controlfield><controlfield tag='008'>131126s2013    waua     6bk  001 0deng d</controlfield><controlfield tag='001'>991036844609203811</controlfield><datafield ind1=' ' ind2=' ' tag='020'><subfield code='a'>9781606996904</subfield><subfield code='q'>(paperback)</subfield></datafield><datafield ind1=' ' ind2=' ' tag='020'><subfield code='a'>1606996908</subfield><subfield code='q'>(paperback)</subfield></datafield><datafield ind1=' ' ind2=' ' tag='035'><subfield code='a'>(OCoLC)864183003</subfield></datafield><datafield ind1=' ' ind2=' ' tag='035'><subfield code='a'>(OCoLC)ocn864183003</subfield></datafield><datafield ind1=' ' ind2=' ' tag='040'><subfield code='a'>SDD</subfield><subfield code='b'>eng</subfield><subfield code='e'>rda</subfield><subfield code='c'>SDD</subfield><subfield code='d'>CLE</subfield><subfield code='d'>ZQP</subfield><subfield code='d'>VP@</subfield><subfield code='d'>LEB</subfield><subfield code='d'>RLS</subfield><subfield code='d'>OCLCO</subfield><subfield code='d'>OCLCF</subfield><subfield code='d'>HLS</subfield><subfield code='d'>WB9GB</subfield><subfield code='d'>JQW</subfield><subfield code='d'>OCL</subfield><subfield code='d'>OCLCQ</subfield><subfield code='d'>FLWMD</subfield><subfield code='d'>OCLCO</subfield><subfield code='d'>OCL</subfield><subfield code='d'>SFR</subfield></datafield><datafield ind1=' ' ind2=' ' tag='043'><subfield code='a'>n-us---</subfield></datafield><datafield ind1=' ' ind2='4' tag='050'><subfield code='a'>ML3531</subfield><subfield code='b'>.P57 2013</subfield></datafield><datafield ind1='0' ind2='4' tag='082'><subfield code='a'>741.5973</subfield><subfield code='2'>23</subfield></datafield><datafield ind1='0' ind2='4' tag='082'><subfield code='a'>782.421649</subfield><subfield code='2'>23</subfield></datafield><datafield ind1='1' ind2=' ' tag='100'><subfield code='a'>Piskor, Ed,</subfield><subfield code='e'>author,</subfield><subfield code='e'>illustrator.</subfield></datafield><datafield ind1='1' ind2='0' tag='245'><subfield code='a'>Hip hop family tree.</subfield><subfield code='n'>1,</subfield><subfield code='p'>1970s-1981 /</subfield><subfield code='c'>Ed Piskor.</subfield></datafield><datafield ind1=' ' ind2=' ' tag='250'><subfield code='a'>First Fantagraphics books edition ; Fantagraphics treasury edition.</subfield></datafield><datafield ind1=' ' ind2='1' tag='264'><subfield code='a'>Seattle, Washington :</subfield><subfield code='b'>Fantagraphics Books,</subfield><subfield code='c'>2013.</subfield></datafield><datafield ind1=' ' ind2=' ' tag='300'><subfield code='a'>112 pages :</subfield><subfield code='b'>chiefly color illustrations ;</subfield><subfield code='c'>34 cm</subfield></datafield><datafield ind1=' ' ind2=' ' tag='336'><subfield code='a'>text</subfield><subfield code='b'>txt</subfield><subfield code='2'>rdacontent</subfield></datafield><datafield ind1=' ' ind2=' ' tag='336'><subfield code='a'>still image</subfield><subfield code='b'>sti</subfield><subfield code='2'>rdacontent</subfield></datafield><datafield ind1=' ' ind2=' ' tag='337'><subfield code='a'>unmediated</subfield><subfield code='b'>n</subfield><subfield code='2'>rdamedia</subfield></datafield><datafield ind1=' ' ind2=' ' tag='338'><subfield code='a'>volume</subfield><subfield code='b'>nc</subfield><subfield code='2'>rdacarrier</subfield></datafield><datafield ind1=' ' ind2=' ' tag='500'><subfield code='a'>Spine title.</subfield></datafield><datafield ind1=' ' ind2=' ' tag='500'><subfield code='a'>&quot;Special collector&apos;s issue!!&quot;--Cover.</subfield></datafield><datafield ind1=' ' ind2=' ' tag='504'><subfield code='a'>Includes bibliographical references (page 106), discography (page 106) and index.</subfield></datafield><datafield ind1=' ' ind2=' ' tag='520'><subfield code='a'>Captures the history of the formative years of hip-hop, including such rap pioneers as Afrika Bambaataa, MC Sha Rock, and DJ Kool Herc.</subfield></datafield><datafield ind1=' ' ind2=' ' tag='520'><subfield code='a'>&quot;Yes yes, y&apos;all! Acclaimed young cartoonist Ed Piskor (Wizzywig) schools you on the old school in this essential, explosively entertaining, encyclopedic cultural chronicle of an American art form that changed the world. Hip Hop Family Tree (originally serialized online at Boing Boing) takes you form the parks and rec rooms of the South Bronx to the night clubs, recording studios and radio stations where the scene started to boom, in panels bursting with obsessively authentic detail. The vivd personalities and magnetic performances of early stars like Grandmaster Flash, Afrika Bambaataa, Kurtis Blow, DJ Kool Herc, The Surgarhill Gang, and Funky 4+1 come to life, as do the no-less-charismatic players behind the scenes like Russell Simmons, Sylvia Robinson and Rick Rubin. And graffiti master Fab 5 Freddy meets Debbie Harry, Keith Haring, and Jean-Michel Basquiat as the music and culture begin to penetrate downtown Manhattan and the mainstream at large.&quot;--Back cover.</subfield></datafield><datafield ind1='0' ind2=' ' tag='505'><subfield code='a'>Straight out the gutter -- Pinups/Burners.</subfield></datafield><datafield ind1=' ' ind2='0' tag='650'><subfield code='a'>Hip-hop</subfield><subfield code='x'>History and criticism</subfield><subfield code='v'>Comic books, strips, etc.</subfield></datafield><datafield ind1=' ' ind2='0' tag='650'><subfield code='a'>Rap (Music)</subfield><subfield code='x'>History and criticism</subfield><subfield code='v'>Comic books, strips, etc.</subfield></datafield><datafield ind1=' ' ind2='0' tag='650'><subfield code='a'>Rap musicians</subfield><subfield code='v'>Comic books, strips, etc.</subfield></datafield><datafield ind1=' ' ind2='0' tag='650'><subfield code='a'>Turntablism</subfield><subfield code='x'>History and criticism</subfield><subfield code='v'>Comic books, strips, etc.</subfield></datafield><datafield ind1=' ' ind2='0' tag='650'><subfield code='a'>Music</subfield><subfield code='x'>Social aspects</subfield><subfield code='v'>Comic books, strips, etc.</subfield></datafield><datafield ind1=' ' ind2='0' tag='650'><subfield code='a'>African American youth</subfield><subfield code='x'>Social life and customs</subfield><subfield code='v'>Comic books, strips, etc.</subfield></datafield><datafield ind1=' ' ind2='0' tag='650'><subfield code='a'>African American musicians</subfield><subfield code='v'>Comic books, strips, etc.</subfield></datafield><datafield ind1=' ' ind2='0' tag='650'><subfield code='a'>Comic books, strips, etc</subfield><subfield code='z'>United States.</subfield></datafield><datafield ind1=' ' ind2='0' tag='650'><subfield code='a'>Graphic novels</subfield><subfield code='z'>United States.</subfield></datafield><datafield ind1=' ' ind2='7' tag='650'><subfield code='a'>African American musicians.</subfield><subfield code='2'>fast</subfield><subfield code='0'>(OCoLC)fst00799273</subfield></datafield><datafield ind1=' ' ind2='7' tag='650'><subfield code='a'>African American youth</subfield><subfield code='x'>Social life and customs.</subfield><subfield code='2'>fast</subfield><subfield code='0'>(OCoLC)fst00799555</subfield></datafield><datafield ind1=' ' ind2='7' tag='650'><subfield code='a'>Comic books, strips, etc.</subfield><subfield code='2'>fast</subfield><subfield code='0'>(OCoLC)fst00869145</subfield></datafield><datafield ind1=' ' ind2='7' tag='650'><subfield code='a'>Graphic novels.</subfield><subfield code='2'>fast</subfield><subfield code='0'>(OCoLC)fst00946656</subfield></datafield><datafield ind1=' ' ind2='7' tag='650'><subfield code='a'>Hip-hop.</subfield><subfield code='2'>fast</subfield><subfield code='0'>(OCoLC)fst00957237</subfield></datafield><datafield ind1=' ' ind2='7' tag='650'><subfield code='a'>Music</subfield><subfield code='x'>Social aspects.</subfield><subfield code='2'>fast</subfield><subfield code='0'>(OCoLC)fst01030444</subfield></datafield><datafield ind1=' ' ind2='7' tag='650'><subfield code='a'>Rap (Music)</subfield><subfield code='2'>fast</subfield><subfield code='0'>(OCoLC)fst01089951</subfield></datafield><datafield ind1=' ' ind2='7' tag='650'><subfield code='a'>Rap musicians.</subfield><subfield code='2'>fast</subfield><subfield code='0'>(OCoLC)fst01089960</subfield></datafield><datafield ind1=' ' ind2='7' tag='650'><subfield code='a'>Turntablism.</subfield><subfield code='2'>fast</subfield><subfield code='0'>(OCoLC)fst01159656</subfield></datafield><datafield ind1=' ' ind2='7' tag='651'><subfield code='a'>United States.</subfield><subfield code='2'>fast</subfield><subfield code='0'>(OCoLC)fst01204155</subfield></datafield><datafield ind1=' ' ind2='7' tag='655'><subfield code='a'>Comic books, strips, etc.</subfield><subfield code='2'>fast</subfield><subfield code='0'>(OCoLC)fst01423722</subfield></datafield><datafield ind1=' ' ind2='7' tag='655'><subfield code='a'>Comics (Graphic works)</subfield><subfield code='2'>fast</subfield><subfield code='0'>(OCoLC)fst01921613</subfield></datafield><datafield ind1=' ' ind2='7' tag='655'><subfield code='a'>Criticism, interpretation, etc.</subfield><subfield code='2'>fast</subfield><subfield code='0'>(OCoLC)fst01411635</subfield></datafield><datafield ind1=' ' ind2='7' tag='655'><subfield code='a'>Nonfiction comics.</subfield><subfield code='2'>fast</subfield><subfield code='0'>(OCoLC)fst01921721</subfield></datafield><datafield ind1=' ' ind2='7' tag='655'><subfield code='a'>Comics (Graphic works)</subfield><subfield code='2'>lcgft</subfield></datafield><datafield ind1=' ' ind2='7' tag='655'><subfield code='a'>Nonfiction comics.</subfield><subfield code='2'>lcgft</subfield></datafield><datafield ind1=' ' ind2=' ' tag='979'><subfield code='a'>ocn864183003</subfield></datafield><datafield ind1=' ' ind2=' ' tag='ADM'><subfield code='b'>2018-03-02 08:20:45</subfield><subfield code='e'>ocn864183003</subfield><subfield code='d'>WorldCat</subfield><subfield code='f'>20171113115801.0</subfield><subfield code='a'>2017-11-13 17:04:47</subfield><subfield code='c'>false</subfield></datafield><datafield ind1='0' ind2=' ' tag='HLD'><subfield code='b'>BLOCKSON</subfield><subfield code='c'>rarestacks</subfield><subfield code='h'>ML3531</subfield><subfield code='i'>.P57 2013</subfield><subfield code='8'>22402488860003811</subfield></datafield><datafield ind1=' ' ind2=' ' tag='ITM'><subfield code='r'>22402488860003811</subfield><subfield code='b'>1</subfield><subfield code='h'>0</subfield><subfield code='g'>rarestacks</subfield><subfield code='t'>BOOK</subfield><subfield code='9'>39074025683699</subfield><subfield code='e'>rarestacks</subfield><subfield code='8'>23402488830003811</subfield><subfield code='c'>A gift of Diane Turner</subfield><subfield code='a'>3</subfield><subfield code='q'>2017-11-13 17:14:28</subfield><subfield code='i'>ML3531 .P57 2013</subfield><subfield code='d'>BLOCKSON</subfield><subfield code='f'>BLOCKSON</subfield></datafield></record>