
<record xmlns='http://www.loc.gov/MARC21/slim'><leader>01288nam  2200337 i 4500</leader><controlfield tag='001'>991036812873403811</controlfield><controlfield tag='005'>20170815154858.0</controlfield><controlfield tag='006'>m     o  d |      </controlfield><controlfield tag='007'>cr -n---------</controlfield><controlfield tag='008'>160214t20122012nyuao   ob    001 0 fre d</controlfield><datafield ind1=' ' ind2=' ' tag='020'><subfield code='a'>1-283-95672-1</subfield></datafield><datafield ind1=' ' ind2=' ' tag='020'><subfield code='a'>1-78042-867-7</subfield></datafield><datafield ind1=' ' ind2=' ' tag='035'><subfield code='a'>(CKB)2670000000180969</subfield></datafield><datafield ind1=' ' ind2=' ' tag='035'><subfield code='a'>(EBL)915110</subfield></datafield><datafield ind1=' ' ind2=' ' tag='035'><subfield code='a'>(OCoLC)793511419</subfield></datafield><datafield ind1=' ' ind2=' ' tag='035'><subfield code='a'>(MiAaPQ)EBC915110</subfield></datafield><datafield ind1=' ' ind2=' ' tag='035'><subfield code='a'>(MiAaPQ)EBC4104553</subfield></datafield><datafield ind1=' ' ind2=' ' tag='035'><subfield code='a'>(EXLCZ)992670000000180969</subfield></datafield><datafield ind1=' ' ind2=' ' tag='040'><subfield code='a'>MiAaPQ</subfield><subfield code='b'>eng</subfield><subfield code='e'>rda</subfield><subfield code='e'>pn</subfield><subfield code='c'>MiAaPQ</subfield><subfield code='d'>MiAaPQ</subfield></datafield><datafield ind1=' ' ind2=' ' tag='043'><subfield code='a'>n-us---</subfield></datafield><datafield ind1=' ' ind2='4' tag='050'><subfield code='a'>GT3913.A2</subfield><subfield code='b'>.T466 2012</subfield></datafield><datafield ind1='0' ind2='0' tag='082'><subfield code='a'>394</subfield></datafield><datafield ind1='1' ind2=' ' tag='100'><subfield code='a'>Thompson, Margo,</subfield><subfield code='e'>author.</subfield></datafield><datafield ind1='1' ind2='0' tag='245'><subfield code='a'>American Graffiti /</subfield><subfield code='c'>Margo Thompson.</subfield></datafield><datafield ind1=' ' ind2='1' tag='264'><subfield code='a'>[New York, New York] :</subfield><subfield code='b'>Parkstone International,</subfield><subfield code='c'>[2012]</subfield></datafield><datafield ind1=' ' ind2='4' tag='264'><subfield code='c'>©[2012]</subfield></datafield><datafield ind1=' ' ind2=' ' tag='300'><subfield code='a'>1 online resource (256 p.)</subfield></datafield><datafield ind1=' ' ind2=' ' tag='336'><subfield code='a'>text</subfield><subfield code='2'>rdacontent</subfield></datafield><datafield ind1=' ' ind2=' ' tag='337'><subfield code='a'>computer</subfield><subfield code='2'>rdamedia</subfield></datafield><datafield ind1=' ' ind2=' ' tag='338'><subfield code='a'>online resource</subfield><subfield code='2'>rdacarrier</subfield></datafield><datafield ind1='1' ind2=' ' tag='490'><subfield code='a'>Temporis</subfield></datafield><datafield ind1=' ' ind2=' ' tag='500'><subfield code='a'>Description based upon print version of record.</subfield></datafield><datafield ind1='0' ind2=' ' tag='505'><subfield code='a'>Sommaire; Introduction; Authenticité; Primitivisme; L&apos;Avant-Garde; Remerciements; Les Artistes du métro; Thèmes; Lettrage et style; BLADE; RAMMELLZEE; NOC 167; QUIK et SEEN; DONDI, FUTURA 2000, ZEPHYR et LEE; DONDI; FUTURA 2000; ZEPHYR; Graffiti 1980; LEE; LEE et FAB 5 FREDDY à la galerie la Medusa; FAB FIVE FREDDY; La Fashion Moda; CRASH; DAZE; LADY PINK; « Graffiti Art : Success for America »; L&apos;Art du graffiti et la scène artistique d&apos;East Village, 1980-1981; Le « Times Square Show »; « Events : Fashion Moda » au New Museum; « The Fire Down Below »; « New York/ New Wave »</subfield></datafield><datafield ind1='8' ind2=' ' tag='505'><subfield code='a'>« Beyond Words : Graffiti-Based, -Rooted, and - Inspired Work »Graphiti Productions and Graffiti : Aboveground; L&apos;Ouverture de la Fun Gallery; « The Radiant Child »; Le Graffiti dans les galeries; Expositions en solo à la Fun Gallery et à 51X; L&apos;Art du graffiti à la Fashion Moda; L&apos;Art du graffiti et le phénomène d&apos;East Village; L&apos;Art du graffiti dans Art in America et Art News; L&apos;Exposition consacrée à Basquiat à la Fun Gallery; Le Serment d&apos;allégeance; Harold et Dolores Neumann; « Post-Graffiti »; Le Graffiti après « Post-Graffiti »; L&apos;Art du graffiti, 1984-1988</subfield></datafield><datafield ind1='8' ind2=' ' tag='505'><subfield code='a'>Évaluation du travail des artistes du graffiti au milieu des années 1980East Village : état des lieux; La Hype et le commerce de l&apos;art contemporain; La Fin d&apos;East Village; Le Graffiti américain en Europe; Le Graffiti dans les galeries et les musées en Europe; Notes; Bibliographie; Index</subfield></datafield><datafield ind1=' ' ind2=' ' tag='520'><subfield code='a'>Depuis le début des années 1970, les graffeurs décorent l&apos;extérieur des rames de métro avec des tags toujours plus grands et toujours plus élaborés.Dans le schéma primitiviste, les graffeurs, en tant qu&apos;artistes en marge, offraient de nouvelles perspectives à la société américaine. Ils tendaient un miroir à la culture hégémonique.Les références aux médias ou à des elements culturels que les artistes intégraient dans leurs créations revêtent aujourd&apos;hui une importance toute particulière, parce qu&apos;elles représentent un point de contact entre les cultures et ont rendu cette « sousculture » plus a</subfield></datafield><datafield ind1=' ' ind2=' ' tag='504'><subfield code='a'>Includes bibliographical references and index.</subfield></datafield><datafield ind1=' ' ind2=' ' tag='588'><subfield code='a'>Description based on online resource; title from PDF title page (ebrary, viewed February 12, 2016).</subfield></datafield><datafield ind1=' ' ind2='0' tag='650'><subfield code='a'>Graffiti</subfield><subfield code='z'>United States.</subfield></datafield><datafield ind1=' ' ind2='0' tag='650'><subfield code='a'>Street art</subfield><subfield code='z'>United States.</subfield></datafield><datafield ind1=' ' ind2='0' tag='650'><subfield code='a'>Painting, American</subfield><subfield code='y'>20th century.</subfield></datafield><datafield ind1=' ' ind2='4' tag='655'><subfield code='a'>Electronic books.</subfield></datafield><datafield ind1=' ' ind2=' ' tag='776'><subfield code='z'>1-84484-565-6</subfield></datafield><datafield ind1=' ' ind2='0' tag='830'><subfield code='a'>Temporis</subfield></datafield><datafield ind1=' ' ind2=' ' tag='906'><subfield code='a'>BOOK</subfield></datafield><datafield ind1=' ' ind2=' ' tag='ADM'><subfield code='b'>2017-12-01 04:42:04</subfield><subfield code='e'>2670000000180969</subfield><subfield code='d'>CKB</subfield><subfield code='a'>2012-06-03 06:12:15</subfield><subfield code='c'>false</subfield></datafield><datafield ind1=' ' ind2=' ' tag='PRT'><subfield code='a'>53392009620003811</subfield><subfield code='b'>https://sandbox01-na.alma.exlibrisgroup.com/view/uresolver/01TULI_INST/openurl?u.ignore_date_coverage=true&amp;rft.mms_id=991036812873403811</subfield><subfield code='e'>EBSCOhost</subfield><subfield code='9'>Available</subfield><subfield code='c'>EBSCOhost Academic eBook Collection (North America)</subfield><subfield code='h'>613640000000000029</subfield><subfield code='8'>53392009620003811</subfield></datafield></record>