
<record xmlns='http://www.loc.gov/MARC21/slim'><leader>01276nam  2200337 i 4500</leader><controlfield tag='001'>991036735351703811</controlfield><controlfield tag='005'>20171026031122.0</controlfield><controlfield tag='006'>m     o  d |      </controlfield><controlfield tag='007'>cr cn|||||||||</controlfield><controlfield tag='008'>160212t20122012nyuao   ob    001 0 eng d</controlfield><datafield ind1=' ' ind2=' ' tag='020'><subfield code='a'>1-283-95397-8</subfield></datafield><datafield ind1=' ' ind2=' ' tag='020'><subfield code='a'>1-78042-929-0</subfield></datafield><datafield ind1=' ' ind2=' ' tag='035'><subfield code='a'>(CKB)2670000000180968</subfield></datafield><datafield ind1=' ' ind2=' ' tag='035'><subfield code='a'>(EBL)915109</subfield></datafield><datafield ind1=' ' ind2=' ' tag='035'><subfield code='a'>(OCoLC)793511418</subfield></datafield><datafield ind1=' ' ind2=' ' tag='035'><subfield code='a'>(SSID)ssj0000660839</subfield></datafield><datafield ind1=' ' ind2=' ' tag='035'><subfield code='a'>(PQKBManifestationID)12239871</subfield></datafield><datafield ind1=' ' ind2=' ' tag='035'><subfield code='a'>(PQKBTitleCode)TC0000660839</subfield></datafield><datafield ind1=' ' ind2=' ' tag='035'><subfield code='a'>(PQKBWorkID)10707377</subfield></datafield><datafield ind1=' ' ind2=' ' tag='035'><subfield code='a'>(PQKB)10011772</subfield></datafield><datafield ind1=' ' ind2=' ' tag='035'><subfield code='a'>(MiAaPQ)EBC915109</subfield></datafield><datafield ind1=' ' ind2=' ' tag='035'><subfield code='a'>(MiAaPQ)EBC4104552</subfield></datafield><datafield ind1=' ' ind2=' ' tag='035'><subfield code='a'>(EXLCZ)992670000000180968</subfield></datafield><datafield ind1=' ' ind2=' ' tag='040'><subfield code='a'>MiAaPQ</subfield><subfield code='b'>eng</subfield><subfield code='e'>rda</subfield><subfield code='e'>pn</subfield><subfield code='c'>MiAaPQ</subfield><subfield code='d'>MiAaPQ</subfield></datafield><datafield ind1=' ' ind2=' ' tag='041'><subfield code='a'>eng</subfield></datafield><datafield ind1=' ' ind2=' ' tag='043'><subfield code='a'>n-us---</subfield></datafield><datafield ind1=' ' ind2='4' tag='050'><subfield code='a'>GT3913.A2</subfield><subfield code='b'>.T466 2012</subfield></datafield><datafield ind1='0' ind2='0' tag='082'><subfield code='a'>394</subfield></datafield><datafield ind1='1' ind2=' ' tag='100'><subfield code='a'>Thompson, Margo,</subfield><subfield code='e'>author.</subfield></datafield><datafield ind1='1' ind2='0' tag='245'><subfield code='a'>American graffiti /</subfield><subfield code='c'>Margo Thompson.</subfield></datafield><datafield ind1=' ' ind2=' ' tag='246'><subfield code='a'>Temptis </subfield></datafield><datafield ind1=' ' ind2='1' tag='264'><subfield code='a'>New York :</subfield><subfield code='b'>Parkstone International,</subfield><subfield code='c'>[2012]</subfield></datafield><datafield ind1=' ' ind2='4' tag='264'><subfield code='c'>©[2012]</subfield></datafield><datafield ind1=' ' ind2=' ' tag='300'><subfield code='a'>1 online resource (256 p.)</subfield></datafield><datafield ind1=' ' ind2=' ' tag='336'><subfield code='a'>text</subfield><subfield code='b'>txt</subfield></datafield><datafield ind1=' ' ind2=' ' tag='337'><subfield code='a'>computer</subfield><subfield code='b'>c</subfield></datafield><datafield ind1=' ' ind2=' ' tag='338'><subfield code='a'>online resource</subfield><subfield code='b'>cr</subfield></datafield><datafield ind1=' ' ind2='0' tag='440'><subfield code='a'>Temporis collection</subfield></datafield><datafield ind1='1' ind2=' ' tag='490'><subfield code='a'>Temporis</subfield></datafield><datafield ind1=' ' ind2=' ' tag='500'><subfield code='a'>Description based upon print version of record.</subfield></datafield><datafield ind1='0' ind2=' ' tag='505'><subfield code='a'>Contents; Introduction; Authenticity; Primitivism; The Avant-Garde; Acknowledgments; Subway Writers; Writing Culture: Social Networks and the Transmission of Skills; Lettering and Style; Evaluating Quality; BLADE; RAMMELLZEE; NOC 167; QUIK and SEEN; DONDI, FUTURA 2000, ZEPHYR, and LEE; DONDI; FUTURA 2000; ZEPHYR; Graffiti 1980; LEE; LEE and FAB FIVE FREDDY at Galleria la Medusa; FAB FIVE FREDDY; Fashion Moda; CRASH; DAZE; LADY PINK; Graffiti Art and the East Village Art Scene, 1980-1981; The Times Square Show; Events: Fashion Moda at the New Museum; &apos;The Fire Down Below&apos;; New York/New Wave</subfield></datafield><datafield ind1='8' ind2=' ' tag='505'><subfield code='a'>Beyond Words: Graffiti-Based, -Rooted, and -Inspired Work Graphiti Productions and Graffiti: Above ground; The Fun Gallery Opens; &apos;The Radiant Child&apos;; Graffiti in Galleries; Solo Shows at the Fun Gallery and 51X; Graffiti Art at Fashion Moda; Graffiti Art and the East Village Phenomenon; Graffiti Art in Art in America and Art News; Basquiat&apos;s Solo Show at Fun Gallery; The Pledge of Allegiance; Hubert and Dolores Neumann; Post-Graffiti; Graffiti After Post-Graffiti; Graffiti Art, 1984-1988; The East Village: A Status Report; The Contemporary Art Hype; The End of the East Village</subfield></datafield><datafield ind1='8' ind2=' ' tag='505'><subfield code='a'>American Graffiti in EuropeGraffiti in European Galleries and Museums; Notes; Bibliography; Index</subfield></datafield><datafield ind1=' ' ind2=' ' tag='520'><subfield code='a'>The first appearances of graffiti &quot;tags&quot; (signatures) on New York City subway trains in the early 1970&apos;s were discarded as incidents of vandalism or the rough, violent cries of the ignorant and impoverished. However, as the graffiti movement progressed and tags became more elaborate and ubiquitous, genuine artists emerged whose unique creativity and unconventional media captured the attention of the world.Featuring gallery and street works by several contributors to the graffiti scene, this book offers insight into the lives of urban artists, describes their relationship with the bourgeois art</subfield></datafield><datafield ind1=' ' ind2=' ' tag='546'><subfield code='a'>English</subfield></datafield><datafield ind1=' ' ind2=' ' tag='504'><subfield code='a'>Includes bibliographical references and index.</subfield></datafield><datafield ind1=' ' ind2=' ' tag='588'><subfield code='a'>Description based on online resource; title from PDF title page (ebrary, viewed February 11, 2016).</subfield></datafield><datafield ind1=' ' ind2='0' tag='650'><subfield code='a'>Graffiti</subfield><subfield code='z'>United States.</subfield></datafield><datafield ind1=' ' ind2='0' tag='650'><subfield code='a'>Street art</subfield><subfield code='z'>United States.</subfield></datafield><datafield ind1=' ' ind2='0' tag='650'><subfield code='a'>Painting, American</subfield><subfield code='y'>20th century.</subfield></datafield><datafield ind1=' ' ind2='4' tag='655'><subfield code='a'>Electronic books.</subfield></datafield><datafield ind1=' ' ind2=' ' tag='776'><subfield code='z'>1-84484-561-3</subfield></datafield><datafield ind1=' ' ind2='0' tag='830'><subfield code='a'>Temporis</subfield></datafield><datafield ind1=' ' ind2=' ' tag='906'><subfield code='a'>BOOK</subfield></datafield><datafield ind1=' ' ind2=' ' tag='PRT'><subfield code='a'>53422144130003811</subfield><subfield code='b'>https://sandbox01-na.alma.exlibrisgroup.com/view/uresolver/01TULI_INST/openurl?u.ignore_date_coverage=true&amp;rft.mms_id=991036735351703811</subfield><subfield code='e'>Ebook Central</subfield><subfield code='c'>Ebook Central Academic Complete</subfield><subfield code='h'>614200000000000002</subfield><subfield code='8'>53422144130003811</subfield></datafield><datafield ind1=' ' ind2=' ' tag='PRT'><subfield code='a'>53392006680003811</subfield><subfield code='b'>https://sandbox01-na.alma.exlibrisgroup.com/view/uresolver/01TULI_INST/openurl?u.ignore_date_coverage=true&amp;rft.mms_id=991036735351703811</subfield><subfield code='e'>EBSCOhost</subfield><subfield code='c'>EBSCOhost Academic eBook Collection (North America)</subfield><subfield code='h'>613640000000000029</subfield><subfield code='8'>53392006680003811</subfield></datafield><datafield ind1=' ' ind2=' ' tag='PRT'><subfield code='a'>53405344470003811</subfield><subfield code='b'>https://sandbox01-na.alma.exlibrisgroup.com/view/uresolver/01TULI_INST/openurl?u.ignore_date_coverage=true&amp;rft.mms_id=991036735351703811</subfield><subfield code='e'>EBSCOhost</subfield><subfield code='c'>eBook Public Library Collection - North America</subfield><subfield code='h'>613790000000001577</subfield><subfield code='8'>53405344470003811</subfield></datafield><datafield ind1=' ' ind2=' ' tag='PRT'><subfield code='a'>53396367090003811</subfield><subfield code='b'>https://sandbox01-na.alma.exlibrisgroup.com/view/uresolver/01TULI_INST/openurl?u.ignore_date_coverage=true&amp;rft.mms_id=991036735351703811</subfield><subfield code='e'>EBSCOhost</subfield><subfield code='c'>EBSCOhost eBook Community College Collection</subfield><subfield code='h'>613860000000000003</subfield><subfield code='8'>53396367090003811</subfield></datafield><datafield ind1=' ' ind2=' ' tag='PRT'><subfield code='a'>53424173610003811</subfield><subfield code='b'>https://sandbox01-na.alma.exlibrisgroup.com/view/uresolver/01TULI_INST/openurl?u.ignore_date_coverage=true&amp;rft.mms_id=991036735351703811</subfield><subfield code='e'>Ebook Central</subfield><subfield code='c'>Ebook Central College Complete</subfield><subfield code='h'>614330000000000032</subfield><subfield code='8'>53424173610003811</subfield></datafield></record>