
<record xmlns='http://www.loc.gov/MARC21/slim'><leader>04650nam a22005533u 4500</leader><controlfield tag='001'>991036876429903811</controlfield><controlfield tag='005'>20170925010044.0</controlfield><controlfield tag='006'>m        d        </controlfield><controlfield tag='007'>cr -n---------</controlfield><controlfield tag='008'>151005s2011|||||||     s|||||||||||eng|d</controlfield><datafield ind1=' ' ind2=' ' tag='020'><subfield code='a'>1-283-27926-6</subfield></datafield><datafield ind1=' ' ind2=' ' tag='020'><subfield code='a'>9786613279262</subfield></datafield><datafield ind1=' ' ind2=' ' tag='020'><subfield code='a'>1-58765-754-6</subfield></datafield><datafield ind1=' ' ind2=' ' tag='035'><subfield code='a'>(CKB)2550000000047000</subfield></datafield><datafield ind1=' ' ind2=' ' tag='035'><subfield code='a'>(EBL)3400731</subfield></datafield><datafield ind1=' ' ind2=' ' tag='035'><subfield code='a'>(SSID)ssj0000509192</subfield></datafield><datafield ind1=' ' ind2=' ' tag='035'><subfield code='a'>(PQKBManifestationID)11329234</subfield></datafield><datafield ind1=' ' ind2=' ' tag='035'><subfield code='a'>(PQKBTitleCode)TC0000509192</subfield></datafield><datafield ind1=' ' ind2=' ' tag='035'><subfield code='a'>(PQKBWorkID)10563152</subfield></datafield><datafield ind1=' ' ind2=' ' tag='035'><subfield code='a'>(PQKB)10892258</subfield></datafield><datafield ind1=' ' ind2=' ' tag='035'><subfield code='a'>(EXLCZ)992550000000047000</subfield></datafield><datafield ind1=' ' ind2=' ' tag='040'><subfield code='a'>AU-PeEL</subfield><subfield code='b'>eng</subfield><subfield code='c'>AU-PeEL</subfield><subfield code='d'>AU-PeEL</subfield></datafield><datafield ind1=' ' ind2=' ' tag='041'><subfield code='a'>eng</subfield></datafield><datafield ind1=' ' ind2='4' tag='050'><subfield code='a'>E185.96 -- .G736 2011eb</subfield></datafield><datafield ind1='0' ind2='0' tag='082'><subfield code='a'>920</subfield></datafield><datafield ind1='1' ind2=' ' tag='100'><subfield code='a'>Bankston, Carl L.</subfield></datafield><datafield ind1='1' ind2='0' tag='245'><subfield code='a'>Great Lives from History</subfield><subfield code='h'>[electronic resource] :</subfield><subfield code='b'>African Americans</subfield></datafield><datafield ind1=' ' ind2=' ' tag='246'><subfield code='a'>Great Lives from History</subfield></datafield><datafield ind1=' ' ind2=' ' tag='260'><subfield code='a'>Ipswich :</subfield><subfield code='b'>Salem Press,</subfield><subfield code='c'>2011.</subfield></datafield><datafield ind1=' ' ind2=' ' tag='300'><subfield code='a'>1 online resource (1900 p.)</subfield></datafield><datafield ind1=' ' ind2=' ' tag='336'><subfield code='a'>text</subfield><subfield code='b'>txt</subfield></datafield><datafield ind1=' ' ind2=' ' tag='337'><subfield code='a'>computer</subfield><subfield code='b'>c</subfield></datafield><datafield ind1=' ' ind2=' ' tag='338'><subfield code='a'>online resource</subfield><subfield code='b'>cr</subfield></datafield><datafield ind1=' ' ind2=' ' tag='500'><subfield code='a'>Description based upon print version of record.</subfield></datafield><datafield ind1='0' ind2=' ' tag='505'><subfield code='a'>&quot;&quot;Great Lives from History: African Americans (Volume 1)&quot;&quot;; &quot;&quot;Contents&quot;&quot;; &quot;&quot;Publisherâ€?s Note&quot;&quot;; &quot;&quot;Contributors&quot;&quot;; &quot;&quot;Key to Pronunciation&quot;&quot;; &quot;&quot;Complete List of Contents&quot;&quot;; &quot;&quot;Aaliyah&quot;&quot;; &quot;&quot;Hank Aaron&quot;&quot;; &quot;&quot;Robert S. Abbott&quot;&quot;; &quot;&quot;Kareem Abdul-Jabbar&quot;&quot;; &quot;&quot;Ralph David Abernathy&quot;&quot;; &quot;&quot;Faye Adams&quot;&quot;; &quot;&quot;Cannonball Adderley&quot;&quot;; &quot;&quot;Alvin Ailey&quot;&quot;; &quot;&quot;George Edward Alcorn&quot;&quot;; &quot;&quot;Ira Frederick Aldridge&quot;&quot;; &quot;&quot;Elizabeth Alexander&quot;&quot;; &quot;&quot;Muhammad Ali&quot;&quot;; &quot;&quot;Noble Drew Ali&quot;&quot;; &quot;&quot;Damon Allen&quot;&quot;; &quot;&quot;Debbie Allen&quot;&quot;; &quot;&quot;Marcus Allen&quot;&quot;; &quot;&quot;Richard Allen&quot;&quot;; &quot;&quot;Allen Allensworth&quot;&quot;; &quot;&quot;Charles Alston&quot;&quot;; &quot;&quot;Gene Ammons&quot;&quot;; &quot;&quot;Wally Amos&quot;&quot;</subfield></datafield><datafield ind1='8' ind2=' ' tag='505'><subfield code='a'>&quot;&quot;Eddie â€œRochesterâ€? Anderson&quot;&quot;&quot;&quot;Marian Anderson&quot;&quot;; &quot;&quot;Maya Angelou&quot;&quot;; &quot;&quot;Henry Armstrong&quot;&quot;; &quot;&quot;Lillian Hardin Armstrong&quot;&quot;; &quot;&quot;Louis Armstrong&quot;&quot;; &quot;&quot;Molefi Kete Asante&quot;&quot;; &quot;&quot;Arthur Ashe&quot;&quot;; &quot;&quot;Evelyn Ashford&quot;&quot;; &quot;&quot;Crispus Attucks&quot;&quot;; &quot;&quot;Babyface&quot;&quot;; &quot;&quot;Pearl Bailey&quot;&quot;; &quot;&quot;Dusty Baker&quot;&quot;; &quot;&quot;Ella Baker&quot;&quot;; &quot;&quot;Houston A. Baker, Jr.&quot;&quot;; &quot;&quot;Josephine Baker&quot;&quot;; &quot;&quot;James Baldwin&quot;&quot;; &quot;&quot;James Presley Ball&quot;&quot;; &quot;&quot;Toni Cade Bambara&quot;&quot;; &quot;&quot;Ernie Banks&quot;&quot;; &quot;&quot;Tyra Banks&quot;&quot;; &quot;&quot;Benjamin Banneker&quot;&quot;; &quot;&quot;Edward Mitchell Bannister&quot;&quot;; &quot;&quot;Amiri Baraka&quot;&quot;; &quot;&quot;Charles Barkley&quot;&quot;; &quot;&quot;Steven Barnes&quot;&quot;; &quot;&quot;Gerald William Barrax&quot;&quot;; &quot;&quot;Marion Barry&quot;&quot;</subfield></datafield><datafield ind1='8' ind2=' ' tag='505'><subfield code='a'>&quot;&quot;Richmond BarthÃ©&quot;&quot;&quot;&quot;Count Basie&quot;&quot;; &quot;&quot;Jean-Michel Basquiat&quot;&quot;; &quot;&quot;Charlotta Spears Bass&quot;&quot;; &quot;&quot;Angela Bassett&quot;&quot;; &quot;&quot;Daisy Bates&quot;&quot;; &quot;&quot;Alvin Batiste&quot;&quot;; &quot;&quot;Kathleen Battle&quot;&quot;; &quot;&quot;Elgin Baylor&quot;&quot;; &quot;&quot;Bob Beamon&quot;&quot;; &quot;&quot;Andrew Jackson Beard&quot;&quot;; &quot;&quot;Romare Bearden&quot;&quot;; &quot;&quot;Louise Beavers&quot;&quot;; &quot;&quot;Tyson Beckford&quot;&quot;; &quot;&quot;Jim Beckwourth&quot;&quot;; &quot;&quot;Julius Wesley Becton, Jr.&quot;&quot;; &quot;&quot;Harry Belafonte&quot;&quot;; &quot;&quot;Cool Papa Bell&quot;&quot;; &quot;&quot;James Madison Bell&quot;&quot;; &quot;&quot;Chuck Berry&quot;&quot;; &quot;&quot;Halle Berry&quot;&quot;; &quot;&quot;Blind Tom Bethune&quot;&quot;; &quot;&quot;Mary McLeod Bethune&quot;&quot;; &quot;&quot;James Bevel&quot;&quot;; &quot;&quot;Chauncey Billups&quot;&quot;; &quot;&quot;David Harold Blackwell&quot;&quot;; &quot;&quot;Edward Blackwell&quot;&quot;; &quot;&quot;Henry Blair&quot;&quot;</subfield></datafield><datafield ind1='8' ind2=' ' tag='505'><subfield code='a'>&quot;&quot;Eubie Blake&quot;&quot;&quot;&quot;Art Blakey&quot;&quot;; &quot;&quot;Bobby Blue Bland&quot;&quot;; &quot;&quot;James Bland&quot;&quot;; &quot;&quot;Jimmy Blanton&quot;&quot;; &quot;&quot;Mary J. Blige&quot;&quot;; &quot;&quot;Vida Blue&quot;&quot;; &quot;&quot;Guion Bluford&quot;&quot;; &quot;&quot;Charles F. Bolden, Jr.&quot;&quot;; &quot;&quot;Jane Matilda Bolin&quot;&quot;; &quot;&quot;Horace Mann Bond&quot;&quot;; &quot;&quot;Julian Bond&quot;&quot;; &quot;&quot;Barry Bonds&quot;&quot;; &quot;&quot;Margaret Allison Bonds&quot;&quot;; &quot;&quot;Marita Bonner&quot;&quot;; &quot;&quot;Arna Bontemps&quot;&quot;; &quot;&quot;Ralph Boston&quot;&quot;; &quot;&quot;Sister Thea Bowman&quot;&quot;; &quot;&quot;Otis Boykin&quot;&quot;; &quot;&quot;Perry Bradford&quot;&quot;; &quot;&quot;David Bradley&quot;&quot;; &quot;&quot;Ed Bradley&quot;&quot;; &quot;&quot;Tom Bradley&quot;&quot;; &quot;&quot;William Stanley Braithwaite&quot;&quot;; &quot;&quot;Carol E. Moseley Braun&quot;&quot;; &quot;&quot;Anthony Braxton&quot;&quot;; &quot;&quot;Toni Braxton&quot;&quot;; &quot;&quot;Cyril V. Briggs&quot;&quot;; &quot;&quot;Andrew Felton Brimmer&quot;&quot;</subfield></datafield><datafield ind1='8' ind2=' ' tag='505'><subfield code='a'>&quot;&quot;Lou Brock&quot;&quot;&quot;&quot;Edward W. Brooke&quot;&quot;; &quot;&quot;Gwendolyn Brooks&quot;&quot;; &quot;&quot;Big Bill Broonzy&quot;&quot;; &quot;&quot;Charles Brown&quot;&quot;; &quot;&quot;Charlotte Hawkins Brown&quot;&quot;; &quot;&quot;Claude Brown&quot;&quot;; &quot;&quot;Clifford Brown&quot;&quot;; &quot;&quot;Dorothy Lavinia Brown&quot;&quot;; &quot;&quot;Elaine Brown&quot;&quot;; &quot;&quot;H. Rap Brown&quot;&quot;; &quot;&quot;James Brown&quot;&quot;; &quot;&quot;Jim Brown&quot;&quot;; &quot;&quot;Ray Brown&quot;&quot;; &quot;&quot;Ron Brown&quot;&quot;; &quot;&quot;Sterling A. Brown&quot;&quot;; &quot;&quot;Tim Brown&quot;&quot;; &quot;&quot;Tony Brown&quot;&quot;; &quot;&quot;Willie Brown&quot;&quot;; &quot;&quot;Blanche Kelso Bruce&quot;&quot;; &quot;&quot;John E. Bruce&quot;&quot;; &quot;&quot;Antonio Bryant&quot;&quot;; &quot;&quot;Kobe Bryant&quot;&quot;; &quot;&quot;Eugene Jacques Bullard&quot;&quot;; &quot;&quot;Ed Bullins&quot;&quot;; &quot;&quot;Ralph Bunche&quot;&quot;; &quot;&quot;Solomon Burke&quot;&quot;; &quot;&quot;Yvonne Brathwaite Burke&quot;&quot;; &quot;&quot;Harry T. Burleigh&quot;&quot;; &quot;&quot;Roland Burris&quot;&quot;</subfield></datafield><datafield ind1='8' ind2=' ' tag='505'><subfield code='a'>&quot;&quot;Nannie Helen Burroughs&quot;&quot;</subfield></datafield><datafield ind1=' ' ind2=' ' tag='546'><subfield code='a'>English</subfield></datafield><datafield ind1=' ' ind2='4' tag='650'><subfield code='a'>African Americans -- Biography -- Encyclopedias.</subfield></datafield><datafield ind1=' ' ind2='4' tag='650'><subfield code='a'>African Americans -- History -- Encyclopedias.</subfield></datafield><datafield ind1=' ' ind2='0' tag='655'><subfield code='a'>Electronic books.</subfield></datafield><datafield ind1=' ' ind2='7' tag='650'><subfield code='a'>Gender &amp; Ethnic Studies</subfield><subfield code='2'>HILCC</subfield></datafield><datafield ind1=' ' ind2='7' tag='650'><subfield code='a'>Social Sciences</subfield><subfield code='2'>HILCC</subfield></datafield><datafield ind1=' ' ind2='7' tag='650'><subfield code='a'>Ethnic &amp; Race Studies</subfield><subfield code='2'>HILCC</subfield></datafield><datafield ind1=' ' ind2=' ' tag='700'><subfield code='a'>Bankston, Carl L</subfield><subfield code='e'>Contributor</subfield></datafield><datafield ind1=' ' ind2=' ' tag='776'><subfield code='z'>1-58765-747-3</subfield></datafield><datafield ind1=' ' ind2=' ' tag='906'><subfield code='a'>BOOK</subfield></datafield><datafield ind1=' ' ind2=' ' tag='ADM'><subfield code='b'>2018-02-05 06:47:25</subfield><subfield code='e'>2550000000047000</subfield><subfield code='d'>PQNKB</subfield><subfield code='f'>20160813130136.0</subfield><subfield code='a'>2012-02-25 22:51:23</subfield><subfield code='c'>false</subfield></datafield><datafield ind1=' ' ind2=' ' tag='PRT'><subfield code='a'>53412757670003811</subfield><subfield code='b'>https://sandbox01-na.alma.exlibrisgroup.com/view/uresolver/01TULI_INST/openurl?u.ignore_date_coverage=true&amp;rft.mms_id=991036876429903811</subfield><subfield code='e'>EBSCOhost</subfield><subfield code='9'>Available</subfield><subfield code='c'>EBSCOhost eBook Community College Collection</subfield><subfield code='h'>613860000000000003</subfield><subfield code='8'>53412757670003811</subfield></datafield></record>