
<record xmlns='http://www.loc.gov/MARC21/slim'><leader>04847nam  2200577 i 4500</leader><controlfield tag='001'>991036795634103811</controlfield><controlfield tag='005'>20180404185943.0</controlfield><controlfield tag='006'>m     o  d |      </controlfield><controlfield tag='007'>cr#-n---------</controlfield><controlfield tag='008'>160615t20062006miuao   ob    001 0 eng d</controlfield><datafield ind1=' ' ind2=' ' tag='020'><subfield code='a'>0-02-866391-8</subfield></datafield><datafield ind1=' ' ind2=' ' tag='035'><subfield code='a'>(CKB)1000000000220925</subfield></datafield><datafield ind1=' ' ind2=' ' tag='035'><subfield code='a'>(EBL)4392185</subfield></datafield><datafield ind1=' ' ind2=' ' tag='035'><subfield code='a'>(SSID)ssj0000514561</subfield></datafield><datafield ind1=' ' ind2=' ' tag='035'><subfield code='a'>(PQKBManifestationID)11343403</subfield></datafield><datafield ind1=' ' ind2=' ' tag='035'><subfield code='a'>(PQKBTitleCode)TC0000514561</subfield></datafield><datafield ind1=' ' ind2=' ' tag='035'><subfield code='a'>(PQKBWorkID)10516962</subfield></datafield><datafield ind1=' ' ind2=' ' tag='035'><subfield code='a'>(PQKB)10262166</subfield></datafield><datafield ind1=' ' ind2=' ' tag='035'><subfield code='a'>(MiAaPQ)EBC4392185</subfield></datafield><datafield ind1=' ' ind2=' ' tag='035'><subfield code='a'>(EXLCZ)991000000000220925</subfield></datafield><datafield ind1=' ' ind2=' ' tag='040'><subfield code='a'>MiAaPQ</subfield><subfield code='b'>eng</subfield><subfield code='e'>rda</subfield><subfield code='e'>pn</subfield><subfield code='c'>MiAaPQ</subfield><subfield code='d'>MiAaPQ</subfield></datafield><datafield ind1=' ' ind2=' ' tag='041'><subfield code='a'>eng</subfield></datafield><datafield ind1=' ' ind2='4' tag='050'><subfield code='a'>E185</subfield><subfield code='b'>.E54 2006</subfield></datafield><datafield ind1='0' ind2='0' tag='082'><subfield code='a'>973.0496073003</subfield></datafield><datafield ind1='1' ind2=' ' tag='100'><subfield code='a'>Palmer, Colin A.</subfield></datafield><datafield ind1='0' ind2='0' tag='245'><subfield code='a'>Encyclopedia of African American Culture and History :</subfield><subfield code='b'>the Black Experience in the Americas /</subfield><subfield code='c'>Colin A. Palmer, editor in chief.</subfield></datafield><datafield ind1=' ' ind2=' ' tag='250'><subfield code='a'>002nd ed.</subfield></datafield><datafield ind1=' ' ind2='1' tag='264'><subfield code='a'>Farmington Hills, Michigan :</subfield><subfield code='b'>Thomson Gale,</subfield><subfield code='c'>2006.</subfield></datafield><datafield ind1=' ' ind2='4' tag='264'><subfield code='c'>©2006</subfield></datafield><datafield ind1=' ' ind2=' ' tag='300'><subfield code='a'>1 online resource (2805 p.)</subfield></datafield><datafield ind1=' ' ind2=' ' tag='336'><subfield code='a'>text</subfield><subfield code='b'>txt</subfield></datafield><datafield ind1=' ' ind2=' ' tag='337'><subfield code='a'>computer</subfield><subfield code='b'>c</subfield></datafield><datafield ind1=' ' ind2=' ' tag='338'><subfield code='a'>online resource</subfield><subfield code='b'>cr</subfield></datafield><datafield ind1=' ' ind2=' ' tag='500'><subfield code='a'>Description based upon print version of record.</subfield></datafield><datafield ind1='0' ind2=' ' tag='505'><subfield code='a'>Front Cover; Title Page; EditorialBoard; Editorial; Production Staff; Contents; Preface to the First Edition; Preface to the Second Edition; Foreword; Introduction; Africa: An Introduction; List of Articles; Directory of Contributors; A; Aaron, Hank; Abakuá; Abbott, Robert Sengstacke; Abdul-Jabbar, Kareem; Abernathy, Ralph David; Abolition; Abyssinian Baptist Church; Adams, Grantley; Affirmative Action; African Blood Brotherhood; African Burial Ground Project; African Civilization Society (AfCS); African Diaspora; African Free School; Africanisms; African Methodist Episcopal Church</subfield></datafield><datafield ind1='8' ind2=' ' tag='505'><subfield code='a'>African Methodist Episcopal Zion ChurchAfrican Union Methodism; African Orthodox Church; Afrocentrism; Afrocubanismo; AIDS in the Americas; Ailey, Alvin; Al-Amin, Jamil Abdullah; Albizu Campos, Pedro; Aldridge, Ira; Alexander, Clifford L., Jr.; Alexander, Raymond Pace; Alexander, Sadie Tanner Mossell; Ali, Muhammad; Allan, Harold; Allen, Debbie; Allen, Macon Bolling; Allen, Richard; Alleyne, George; Almeida Bosque, Juan; Amelioration; American Moral Reform Society; American Negro Academy (ANA); American Negro Theatre; American Tennis Association; Amistad Mutiny; Anastácia; Anderson, Marian</subfield></datafield><datafield ind1='8' ind2=' ' tag='505'><subfield code='a'>Angelou, MayaAntebellum Convention Movement; Anthropology and Anthropologists; Anti-Apartheid Movement; Anti-colonial Movements; Anti-Haitianism; Apollo Theater; Aponte, José Antonio; Archaeology and Archaeologists; Architecture; Archival Collections; Aristide, JeanBertrand; Armstrong, Louis; Art; Art Collections; Ashe, Arthur; Associated Publishers; Association for the Advancement of Creative Musicians; Association for the Study of African American Life and History; Astronauts; Atlanta Compromise; Atlanta Riot of 1906; Attaway, William; Attucks, Crispus; Augier, Roy; Autobiography, U.S.; B</subfield></datafield><datafield ind1='8' ind2=' ' tag='505'><subfield code='a'>Bagnall, RobertBahá&apos;í Communities in the Caribbean; Bailey, Amy; Bailey, Beryl Loftman; Bailey, Pearl; Baker, Ella J.; Baker, Josephine; Baldwin, James; Ballet; Bambara, Toni Cade; Bandera, Quintín; Banneker, Benjamin; Bannister, Edward Mitchell; Baptists; Baraka, Amiri (Jones, LeRoi); Barbadoes, James G.; Barbados Labour Party; Barbosa Gomes, Joaquim Benedito; Barnett, Marguerite Ross; Barrow, Errol; Barrow, Joseph Louis; Barrow, Nita; Barry, Marion; Barthé, Richmond; Baseball; Basie, William James &quot;Count&quot;; Basketball; Basquiat, JeanMichel; Bass, Kingsley B.; Bates, Daisy; Battle, Kathleen</subfield></datafield><datafield ind1='8' ind2=' ' tag='505'><subfield code='a'>Baumfree, IsabellaBearden, Romare; Bedward, Alexander; Belafonte, Harry; Belmanna Riots; Benn, Brindley; Bennett, Louise; Berry, Chuck; Berry, Halle; Bethune, Mary McLeod; Bethune-Cookman College; Bevel, James; Bibb, Henry Walton; Biggart, James; Bible and AfricanAmerican Culture, The; Billy Dee; Biography, U.S.; Bird, V. C.; Bishop, Maurice; Black Academy of Arts and Letters; Black Arts Movement; Blackburn, Robert; Black Caribs; Black Codes; Black Dandy, The; Black English Vernacular; Black Entertainment Television (BET); Black History Month/Negro History Week; Black Identity</subfield></datafield><datafield ind1='8' ind2=' ' tag='505'><subfield code='a'>Black-Indian Relations</subfield></datafield><datafield ind1=' ' ind2=' ' tag='546'><subfield code='a'>English</subfield></datafield><datafield ind1=' ' ind2=' ' tag='504'><subfield code='a'>Includes bibliographical references at the end of each chapters and index.</subfield></datafield><datafield ind1=' ' ind2=' ' tag='588'><subfield code='a'>Description based on print version record.</subfield></datafield><datafield ind1=' ' ind2='0' tag='650'><subfield code='a'>African Americans</subfield><subfield code='v'>Encyclopedias.</subfield></datafield><datafield ind1=' ' ind2='0' tag='650'><subfield code='a'>African Americans</subfield><subfield code='x'>History</subfield><subfield code='v'>Encyclopedias.</subfield></datafield><datafield ind1=' ' ind2='0' tag='650'><subfield code='a'>Blacks</subfield><subfield code='z'>America</subfield><subfield code='v'>Encyclopedias.</subfield></datafield><datafield ind1=' ' ind2='0' tag='650'><subfield code='a'>Blacks</subfield><subfield code='z'>America</subfield><subfield code='x'>History</subfield><subfield code='v'>Encyclopedias.</subfield></datafield><datafield ind1=' ' ind2='4' tag='655'><subfield code='a'>Electronic books.</subfield></datafield><datafield ind1=' ' ind2=' ' tag='776'><subfield code='z'>0-02-865816-7</subfield></datafield><datafield ind1=' ' ind2=' ' tag='776'><subfield code='z'>0-02-866071-4</subfield></datafield><datafield ind1='1' ind2=' ' tag='700'><subfield code='a'>Palmer, Colin A.,</subfield><subfield code='d'>1944-</subfield><subfield code='e'>editor.</subfield></datafield><datafield ind1=' ' ind2=' ' tag='906'><subfield code='a'>BOOK</subfield></datafield><datafield ind1=' ' ind2=' ' tag='ADM'><subfield code='b'>2018-04-05 04:28:34</subfield><subfield code='e'>991000000000220925</subfield><subfield code='d'>NON_SFX</subfield><subfield code='f'>20160813130136.0</subfield><subfield code='a'>2012-02-25 21:41:24</subfield><subfield code='c'>false</subfield></datafield><datafield ind1=' ' ind2=' ' tag='PRT'><subfield code='a'>53364327100003811</subfield><subfield code='b'>https://sandbox01-na.alma.exlibrisgroup.com/view/uresolver/01TULI_INST/openurl?u.ignore_date_coverage=true&amp;rft.mms_id=991036795634103811</subfield><subfield code='e'>Galegroup</subfield><subfield code='9'>Available</subfield><subfield code='c'>Gale Cengage Virtual Reference Library</subfield><subfield code='h'>611000000000000731</subfield><subfield code='8'>53364327100003811</subfield></datafield></record>