
<record xmlns='http://www.loc.gov/MARC21/slim'><leader>04243cam a2200409 a 4500</leader><controlfield tag='005'>20180315193227.0</controlfield><controlfield tag='008'>060926s2006    it a     c    000 0 eng d</controlfield><controlfield tag='001'>991023558879703811</controlfield><datafield ind1=' ' ind2=' ' tag='020'><subfield code='a'>8876248641</subfield></datafield><datafield ind1=' ' ind2=' ' tag='020'><subfield code='a'>9788876248641</subfield></datafield><datafield ind1=' ' ind2=' ' tag='035'><subfield code='a'>(PPT)b32533019-01tuli_inst</subfield></datafield><datafield ind1=' ' ind2=' ' tag='035'><subfield code='a'>(OCoLC)71777197</subfield></datafield><datafield ind1=' ' ind2=' ' tag='040'><subfield code='a'>C3L</subfield><subfield code='c'>C3L</subfield><subfield code='d'>BAKER</subfield><subfield code='d'>WAU</subfield><subfield code='d'>YDXCP</subfield><subfield code='d'>YBM</subfield><subfield code='d'>NPL</subfield><subfield code='d'>NNU</subfield></datafield><datafield ind1=' ' ind2=' ' tag='043'><subfield code='a'>n-us-ny</subfield></datafield><datafield ind1=' ' ind2=' ' tag='045'><subfield code='a'>x4x-</subfield></datafield><datafield ind1=' ' ind2=' ' tag='079'><subfield code='a'>ocm71777197</subfield></datafield><datafield ind1=' ' ind2=' ' tag='090'><subfield code='a'>NX511.N4</subfield><subfield code='b'>N513 2006</subfield></datafield><datafield ind1='0' ind2='0' tag='245'><subfield code='a'>New York, New York :</subfield><subfield code='b'>fifty years of art, architecture, cinema, performance, photography and video /</subfield><subfield code='c'>[edited by] Germano Celant, Lisa Dennison.</subfield></datafield><datafield ind1=' ' ind2=' ' tag='250'><subfield code='a'>1. ed.</subfield></datafield><datafield ind1=' ' ind2=' ' tag='260'><subfield code='a'>Milano :</subfield><subfield code='b'>Skira ;</subfield><subfield code='a'>Monaco (MC) :</subfield><subfield code='b'>Grimaldi Forum,</subfield><subfield code='c'>c2006.</subfield></datafield><datafield ind1=' ' ind2=' ' tag='300'><subfield code='a'>546 p. :</subfield><subfield code='b'>ill. (some col.) ;</subfield><subfield code='c'>29 cm.</subfield></datafield><datafield ind1=' ' ind2=' ' tag='500'><subfield code='a'>Catalog of an exhibition at the Grimaldi Forum Monaco, July 14-September 10, 2006.</subfield></datafield><datafield ind1='0' ind2=' ' tag='505'><subfield code='a'>New York: the Art &amp; Communications Brand / Germano Celant -- Painting and sculpture from 1945 to the present / Lisa Dennison -- 1950-1975 -- Producing, displaying, commodifying: art in New York&apos;s volatile financial and real estate context / Janet L. Abu-Lughod -- New York New York: then and now / Robert Rosenblum -- New York, New York / Fernanda Pivano -- Abstract expressionism / Kirstin Hübner -- My city / Melissa Harris -- Rethinking the New York School in the 1950s  / Irving Sandler -- The pop freezer / Germano Celant -- Louise Bourgeois -- Willem de Kooning -- Helen Frankenthaler -- Arshile Gorky -- Adolph Gottlieb -- Philip Guston -- Hans Hofmann -- Franz Kline -- Lee Krasner -- Morris Louis -- Joan Mitchell -- Robert Motherwell -- Barnett Newman -- Jackson Pollock -- Richard Pousette-Dart -- Ad Reinhardt -- Mark Rothko -- David Smith -- Clyfford Still -- Photography -- Cinema -- Performance and video -- Architecture -- Jasper Johns -- Louise Nevelson -- Nam June Paik -- Robert Rauschenberg -- Cy Twombly -- Photography -- Cinema -- Performance and video -- Architecture -- Richard Artschwager -- John Chamberlain -- Jim Dine -- Red Grooms -- Roy Lichtenstein -- Claes Oldenburg, Coosje van Bruggen -- James Rosenquist -- George Segal -- Andy Warhol -- Tom Wesselman -- 1975-2000 -- New York, Vamp City / Mario Perniola -- &quot;Bubble in the wine&quot; / Herbert Muschamp -- Minimal art, conceptual art, land art / Germano Celant -- New York New York: Fifty years of photography / Bonnie Yochelson -- The city revealed / Thierry Jousse -- Live from New York! Five decades of performances and events that shaped the art of a city / Rose Lee Goldberg -- New York stories / Nancy Spector -- From inexpressionism to post-realism / Germano Celant -- Carl Andre -- Dan Flavin -- Donald Judd -- Ellsworth Kelly -- Sol LeWitt -- Robert Mangold -- Brice Marden -- Agnes Martin -- Robert Morris -- Robert Ryman --Frank Stella -- Photography -- Cinema -- Performance and video -- Architecture -- Vito Acconci -- Walter DeMaria -- Mark di Suvero -- Joseph Kosuth -- Bruce Nauman -- Richard Serra -- Robert Smithson -- Richard Tuttle -- Lawrence Weiner -- Chuck Close -- Richard Estes -- Duane Hanson -- Alex Katz -- Photography -- Cinema -- Performance and video -- Architecture -- Laurie Anderson -- Matthew Barney -- Jean-Michel Basquiat -- John Currin -- Eric Fischl -- Tom Friedman -- Robert Gober -- Felix Gonzalez-Torres -- Keith Haring -- Jenny Holzer -- Jeff Koons -- Robert Longo -- Tony Oursler -- Richard Prince -- Susan Rothenberg -- Tom Sachs -- David Salle -- Julian Schnabel -- Joel Shapiro -- Kiki Smith -- Haim Steinbach -- Kara Walker -- Sue Williams -- Christopher Wool -- List of works in the catalogue -- List of works in the exhibition.</subfield></datafield><datafield ind1=' ' ind2='0' tag='650'><subfield code='a'>Arts, American</subfield><subfield code='z'>New York (State)</subfield><subfield code='z'>New York</subfield><subfield code='y'>20th century</subfield><subfield code='v'>Exhibitions.</subfield></datafield><datafield ind1=' ' ind2='0' tag='650'><subfield code='a'>Art, American</subfield><subfield code='z'>New York (State)</subfield><subfield code='z'>New York</subfield><subfield code='y'>20th century</subfield><subfield code='v'>Exhibitions.</subfield></datafield><datafield ind1=' ' ind2='0' tag='650'><subfield code='a'>Arts, American</subfield><subfield code='y'>20th century</subfield><subfield code='v'>Exhibitions.</subfield></datafield><datafield ind1=' ' ind2='0' tag='650'><subfield code='a'>Art, American</subfield><subfield code='y'>20th century</subfield><subfield code='v'>Exhibitions.</subfield></datafield><datafield ind1='1' ind2=' ' tag='700'><subfield code='a'>Celant, Germano.</subfield></datafield><datafield ind1='1' ind2=' ' tag='700'><subfield code='a'>Dennison, Lisa.</subfield></datafield><datafield ind1='2' ind2=' ' tag='710'><subfield code='a'>Grimaldi Forum (Monaco, Monaco)</subfield></datafield><datafield ind1=' ' ind2=' ' tag='907'><subfield code='a'>.b32533019</subfield><subfield code='b'>multi</subfield><subfield code='c'>-</subfield></datafield><datafield ind1=' ' ind2=' ' tag='945'><subfield code='l'>astk</subfield><subfield code='g'>1</subfield></datafield><datafield ind1=' ' ind2=' ' tag='945'><subfield code='l'>pstk</subfield><subfield code='g'>1</subfield></datafield><datafield ind1=' ' ind2=' ' tag='945'><subfield code='l'>pstk</subfield><subfield code='g'>1</subfield></datafield><datafield ind1=' ' ind2=' ' tag='979'><subfield code='a'>ocm71777197</subfield></datafield><datafield ind1=' ' ind2=' ' tag='998'><subfield code='b'>4</subfield><subfield code='c'>070619</subfield><subfield code='d'>m</subfield><subfield code='e'>a</subfield><subfield code='f'>-</subfield><subfield code='g'>0</subfield></datafield><datafield ind1=' ' ind2=' ' tag='998'><subfield code='a'>06/19/07</subfield><subfield code='s'>RLIN</subfield><subfield code='c'>MH</subfield></datafield><datafield ind1=' ' ind2=' ' tag='ADM'><subfield code='b'>2018-03-15 23:32:27</subfield><subfield code='e'>b32533019-01tuli_inst</subfield><subfield code='d'>ILS</subfield><subfield code='a'>2017-06-20 08:07:31</subfield><subfield code='c'>false</subfield></datafield><datafield ind1='0' ind2=' ' tag='HLD'><subfield code='b'>MAIN</subfield><subfield code='c'>stacks</subfield><subfield code='h'>NX511.N4</subfield><subfield code='i'>N513 2006</subfield><subfield code='8'>22277782420003811</subfield></datafield><datafield ind1='0' ind2=' ' tag='HLD'><subfield code='b'>AMBLER</subfield><subfield code='c'>stacks</subfield><subfield code='h'>NX511.N4</subfield><subfield code='i'>N513 2006</subfield><subfield code='8'>22277782440003811</subfield></datafield><datafield ind1=' ' ind2=' ' tag='ITM'><subfield code='r'>22277782420003811</subfield><subfield code='b'>1</subfield><subfield code='h'>0</subfield><subfield code='g'>stacks</subfield><subfield code='t'>BOOK</subfield><subfield code='9'>39074023648876</subfield><subfield code='e'>stacks</subfield><subfield code='8'>23277782400003811</subfield><subfield code='a'>0</subfield><subfield code='q'>2017-06-20 08:07:31</subfield><subfield code='i'>NX511.N4 N513 2006</subfield><subfield code='d'>MAIN</subfield><subfield code='f'>MAIN</subfield></datafield><datafield ind1=' ' ind2=' ' tag='ITM'><subfield code='r'>22277782420003811</subfield><subfield code='b'>1</subfield><subfield code='h'>0</subfield><subfield code='g'>stacks</subfield><subfield code='t'>BOOK</subfield><subfield code='9'>39074022704415</subfield><subfield code='e'>stacks</subfield><subfield code='8'>23277782410003811</subfield><subfield code='a'>0</subfield><subfield code='q'>2017-06-20 08:07:31</subfield><subfield code='i'>NX511.N4 N513 2006</subfield><subfield code='d'>MAIN</subfield><subfield code='f'>MAIN</subfield></datafield><datafield ind1=' ' ind2=' ' tag='ITM'><subfield code='r'>22277782440003811</subfield><subfield code='b'>1</subfield><subfield code='h'>0</subfield><subfield code='g'>stacks</subfield><subfield code='t'>BOOK</subfield><subfield code='9'>39074022709232</subfield><subfield code='e'>stacks</subfield><subfield code='8'>23277782430003811</subfield><subfield code='a'>0</subfield><subfield code='q'>2017-06-20 08:07:31</subfield><subfield code='i'>NX511.N4 N513 2006</subfield><subfield code='d'>AMBLER</subfield><subfield code='f'>AMBLER</subfield></datafield></record>