
<record xmlns='http://www.loc.gov/MARC21/slim'><leader>05035cam a2200529Ii 4500</leader><controlfield tag='005'>20160907035031.0</controlfield><controlfield tag='008'>150612t20162015enka     b    001 0ceng d</controlfield><controlfield tag='001'>991025988929703811</controlfield><datafield ind1=' ' ind2=' ' tag='020'><subfield code='a'>9781780675770</subfield><subfield code='q'>(paperback)</subfield></datafield><datafield ind1=' ' ind2=' ' tag='020'><subfield code='a'>1780675771</subfield><subfield code='q'>(paperback)</subfield></datafield><datafield ind1=' ' ind2=' ' tag='035'><subfield code='a'>(PPT)b62957314-01tuli_inst</subfield></datafield><datafield ind1=' ' ind2=' ' tag='035'><subfield code='a'>(OCoLC)910984254</subfield></datafield><datafield ind1=' ' ind2=' ' tag='040'><subfield code='a'>YDXCP</subfield><subfield code='b'>eng</subfield><subfield code='e'>rda</subfield><subfield code='c'>YDXCP</subfield><subfield code='d'>BTCTA</subfield><subfield code='d'>BDX</subfield><subfield code='d'>ERASA</subfield><subfield code='d'>NZWPM</subfield><subfield code='d'>OCLCO</subfield><subfield code='d'>UAB</subfield><subfield code='d'>OCLCQ</subfield><subfield code='d'>NYP</subfield><subfield code='d'>VP@</subfield><subfield code='d'>OCLCF</subfield><subfield code='d'>DEBSZ</subfield><subfield code='d'>CHVBK</subfield><subfield code='d'>WAU</subfield><subfield code='d'>UX0</subfield><subfield code='d'>UBY</subfield></datafield><datafield ind1=' ' ind2='4' tag='050'><subfield code='a'>N6849</subfield><subfield code='b'>.G48 2016</subfield></datafield><datafield ind1=' ' ind2=' ' tag='090'><subfield code='a'>N6849</subfield><subfield code='b'>.G48 2016</subfield></datafield><datafield ind1='1' ind2=' ' tag='100'><subfield code='a'>Getlein, Mark,</subfield><subfield code='e'>author.</subfield></datafield><datafield ind1='1' ind2='0' tag='245'><subfield code='a'>Art visionaries /</subfield><subfield code='c'>Mark Getlein, Annabel Howard.</subfield></datafield><datafield ind1=' ' ind2='1' tag='264'><subfield code='a'>London :</subfield><subfield code='b'>Laurence King Publishing,</subfield><subfield code='c'>2016.</subfield></datafield><datafield ind1=' ' ind2='4' tag='264'><subfield code='c'>©2015</subfield></datafield><datafield ind1=' ' ind2=' ' tag='300'><subfield code='a'>312 pages :</subfield><subfield code='b'>illustrations (chiefly color) ;</subfield><subfield code='c'>29 cm</subfield></datafield><datafield ind1=' ' ind2=' ' tag='336'><subfield code='a'>text</subfield><subfield code='b'>txt</subfield><subfield code='2'>rdacontent</subfield></datafield><datafield ind1=' ' ind2=' ' tag='336'><subfield code='a'>still image</subfield><subfield code='b'>sti</subfield><subfield code='2'>rdacontent</subfield></datafield><datafield ind1=' ' ind2=' ' tag='337'><subfield code='a'>unmediated</subfield><subfield code='b'>n</subfield><subfield code='2'>rdamedia</subfield></datafield><datafield ind1=' ' ind2=' ' tag='338'><subfield code='a'>volume</subfield><subfield code='b'>nc</subfield><subfield code='2'>rdacarrier</subfield></datafield><datafield ind1=' ' ind2=' ' tag='520'><subfield code='a'>&quot;This compelling book chronicles 75 of the most influential artists from the dawn of the 20th century to the present, and from around the world. Each entry provides a fascinating insight into the artist and his or her vision of what they were trying to do, while also acknowledging the lasting effect of their work. Arranged in a broadly chronological order, the book gives a sense of the impact each artist has had on the development of art practice over the last 100 years. Key dates in each artist&apos;s career are clearly drawn out in the accompanying timeline. Through a combination of lively text and arresting visuals, this is an inspirational and wholly original guide to the artists whose vision has helped to shape the modern art world&quot;--Provided by publisher.</subfield></datafield><datafield ind1=' ' ind2=' ' tag='504'><subfield code='a'>Includes bibliographical references (page 308) and index.</subfield></datafield><datafield ind1='0' ind2='0' tag='505'><subfield code='a'>Machine generated contents note:</subfield><subfield code='t'>Art Visionaries --</subfield><subfield code='t'>Wassily Kandinsky 1866 -- 1944 --</subfield><subfield code='t'>Henri Matisse 1869 -- 1954 --</subfield><subfield code='t'>Piet Mondrian 1872 -- 1944 --</subfield><subfield code='t'>Constantin Brancusi 1876 -- 1957 --</subfield><subfield code='t'>Kazimir Malevich 1878 -- 1935 --</subfield><subfield code='t'>Paul Klee 1879 -- 1940 --</subfield><subfield code='t'>Franz Marc 1880 -- 1916 --</subfield><subfield code='t'>Fernand Leger 1881 -- 1955 --</subfield><subfield code='t'>Pablo Picasso 1881 -- 1973 --</subfield><subfield code='t'>Georges Braque 1882 -- 1963 --</subfield><subfield code='t'>Umberto Boccioni 1882 -- 1916 --</subfield><subfield code='t'>Edward Hopper 1882 -- 1967 --</subfield><subfield code='t'>Max Beckmann 1884 -- 1950 --</subfield><subfield code='t'>Marcel Duchamp 1887 -- 1968 --</subfield><subfield code='t'>Marc Chagall 1887 -- 1985 --</subfield><subfield code='t'>Giorgio de Chirico 1888 -- 1978 --</subfield><subfield code='t'>Giorgio Morandi 1890 -- 1964 --</subfield><subfield code='t'>OttO Dix 1891 -- 1969 --</subfield><subfield code='t'>Joan Miro 1893 -- 1983 --</subfield><subfield code='t'>George Grosz 1893 -- 1959 --</subfield><subfield code='t'>Alexander Calder 1898 -- 1976 --</subfield><subfield code='t'>Rene Magritte 1898 -- 1967 --</subfield><subfield code='t'>Henry Moore 1898 -- 1986 --</subfield><subfield code='t'>Lucio Fontana 1399 -- 1968 --</subfield><subfield code='t'>Louise Nevelson 1899 -- 1988 --</subfield><subfield code='t'>Alberto Giacometti 1901 -- 1966 --</subfield><subfield code='t'>Jean Dubuffet 1901 -- 1985 --</subfield><subfield code='t'>Mark Rothko 1903 -- 1970 --</subfield><subfield code='t'>Salvador Dali 1904 -- 1989 --</subfield><subfield code='t'>Willem de Kooning 1904 -- 1997 --</subfield><subfield code='t'>David Smith 1906 -- 1965 --</subfield><subfield code='t'>Frida Kahlo 1907 -- 1954 --</subfield><subfield code='t'>Francis Bacon 1909 -- 1992 --</subfield><subfield code='t'>Louise Bourgeois 1911 -- 2010 --</subfield><subfield code='t'>Jackson Pollock 1912 -- 1956 --</subfield><subfield code='t'>Nicolas de Stael 1914 -- 1955 --</subfield><subfield code='t'>Josef Beuys 1921 -- 1986 --</subfield><subfield code='t'>Roy Lichtenstein 1923 -- 1997 --</subfield><subfield code='t'>Antoni Tapies 1923 -- 2012 --</subfield><subfield code='t'>Robert Rauschenberg 1925 -- 2008 --</subfield><subfield code='t'>Yves Klein 1928 -- 1962 --</subfield><subfield code='t'>Andy Warhol 1928 -- 1987 --</subfield><subfield code='t'>Sol LeWitt 1928 -- 2007 --</subfield><subfield code='t'>Donald Judd 1928 -- 1994 --</subfield><subfield code='t'>Yayoi Kusama b. 1929 --</subfield><subfield code='t'>Claes Oldenburg b. 1929 and Coosje van Bruggen 1942 -- 2009 --</subfield><subfield code='t'>Jasper Johns b. 1930 --</subfield><subfield code='t'>Gerhard Richter b. 1932 --</subfield><subfield code='t'>Nam June Paik 1932 -- 2006 --</subfield><subfield code='t'>Ilya Kabakov b. 1933 and Emilia Kabakov b.1945 --</subfield><subfield code='t'>Christo b.1935 and Jeanne-Claude 1935 -- 2009 --</subfield><subfield code='t'>Eva Hesse 1936 -- 1970 --</subfield><subfield code='t'>Robert Smithson 1938 -- 1973 --</subfield><subfield code='t'>Richard Serra b. 1939 --</subfield><subfield code='t'>Alighiero Boetti 1940 -- 1994 --</subfield><subfield code='t'>Sigmar Polke 1941 -- 2010 --</subfield><subfield code='t'>Bruce Nauman b. 1941 --</subfield><subfield code='t'>Christian Boltanski b. 1944 --</subfield><subfield code='t'>Joseph Kosuth b. 1945 --</subfield><subfield code='t'>Anselm Kiefer b. 1945 --</subfield><subfield code='t'>Jeff Wall b.1946 --</subfield><subfield code='t'>Marina Abramovic b. 1946 --</subfield><subfield code='t'>Mona Hatoum b. 1952 --</subfield><subfield code='t'>Sophie Calle b. 1953 --</subfield><subfield code='t'>Cindy Sherman b. 1954 --</subfield><subfield code='t'>Anish Kapoor b. 1954 --</subfield><subfield code='t'>Jeff Koons b. 1955 --</subfield><subfield code='t'>Andreas Gursky b. 1955 --</subfield><subfield code='t'>Andy Goldsworthy b. 1956 --</subfield><subfield code='t'>Felix Gonzalez-Torres 1957 -- 1996 --</subfield><subfield code='t'>Jean-Michel Basquiat 1960 -- 1988 --</subfield><subfield code='t'>Gabriel Orozco b. 1962 --</subfield><subfield code='t'>Rachel Whiteread b. 1963 --</subfield><subfield code='t'>Damien Hirst b. 1965 --</subfield><subfield code='t'>Olafur Eliasson b. 1967.</subfield></datafield><datafield ind1=' ' ind2='0' tag='650'><subfield code='a'>Artists</subfield><subfield code='v'>Biography.</subfield></datafield><datafield ind1=' ' ind2='0' tag='650'><subfield code='a'>Art, Modern</subfield><subfield code='y'>20th century.</subfield></datafield><datafield ind1=' ' ind2='0' tag='650'><subfield code='a'>Art, Modern</subfield><subfield code='y'>21st century.</subfield></datafield><datafield ind1=' ' ind2='7' tag='650'><subfield code='a'>Kunst.</subfield><subfield code='0'>(DE-588)4114333-4</subfield><subfield code='2'>gnd</subfield></datafield><datafield ind1=' ' ind2='7' tag='650'><subfield code='a'>Künstler.</subfield><subfield code='0'>(DE-588)4033423-5</subfield><subfield code='2'>gnd</subfield></datafield><datafield ind1=' ' ind2='7' tag='650'><subfield code='a'>Art, Modern.</subfield><subfield code='2'>fast</subfield><subfield code='0'>(OCoLC)fst00816615</subfield></datafield><datafield ind1=' ' ind2='7' tag='650'><subfield code='a'>Artists.</subfield><subfield code='2'>fast</subfield><subfield code='0'>(OCoLC)fst00817559</subfield></datafield><datafield ind1=' ' ind2='7' tag='648'><subfield code='a'>1900-2099</subfield><subfield code='2'>fast</subfield></datafield><datafield ind1=' ' ind2='7' tag='655'><subfield code='a'>Biographies.</subfield><subfield code='2'>lcgft</subfield></datafield><datafield ind1=' ' ind2='7' tag='655'><subfield code='a'>Illustrated works</subfield><subfield code='2'>lcgft</subfield></datafield><datafield ind1=' ' ind2='7' tag='655'><subfield code='a'>Biographies.</subfield><subfield code='2'>fast</subfield><subfield code='0'>(OCoLC)fst01919896</subfield></datafield><datafield ind1=' ' ind2='7' tag='655'><subfield code='a'>Biography.</subfield><subfield code='2'>fast</subfield><subfield code='0'>(OCoLC)fst01423686</subfield></datafield><datafield ind1=' ' ind2='7' tag='655'><subfield code='a'>Illustrated works.</subfield><subfield code='2'>fast</subfield><subfield code='0'>(OCoLC)fst01423873</subfield></datafield><datafield ind1='1' ind2=' ' tag='700'><subfield code='a'>Howard, Annabel,</subfield><subfield code='e'>author.</subfield></datafield><datafield ind1='4' ind2=' ' tag='856'><subfield code='3'>Inhaltsverzeichnis</subfield><subfield code='u'>http://swbplus.bsz-bw.de/bsz459185608inh.htm</subfield><subfield code='v'>20160331152130</subfield></datafield><datafield ind1=' ' ind2=' ' tag='907'><subfield code='a'>.b62957314</subfield><subfield code='b'>jt   </subfield><subfield code='c'>-</subfield></datafield><datafield ind1=' ' ind2=' ' tag='902'><subfield code='a'>161019</subfield></datafield><datafield ind1=' ' ind2=' ' tag='998'><subfield code='b'>0</subfield><subfield code='c'>160907</subfield><subfield code='d'>m</subfield><subfield code='e'>a</subfield><subfield code='f'>-</subfield><subfield code='g'>0</subfield></datafield><datafield ind1=' ' ind2=' ' tag='998'><subfield code='b'>0</subfield><subfield code='c'>160907</subfield><subfield code='d'>m</subfield><subfield code='e'>a</subfield><subfield code='f'>-</subfield><subfield code='g'>0</subfield></datafield><datafield ind1=' ' ind2=' ' tag='945'><subfield code='l'>jtcas</subfield><subfield code='g'>1</subfield></datafield><datafield ind1=' ' ind2=' ' tag='ADM'><subfield code='b'>2018-03-02 08:18:17</subfield><subfield code='e'>b62957314-01tuli_inst</subfield><subfield code='d'>ILS</subfield><subfield code='a'>2017-06-20 15:04:57</subfield><subfield code='c'>false</subfield></datafield><datafield ind1='0' ind2=' ' tag='HLD'><subfield code='b'>JAPAN</subfield><subfield code='c'>stacks</subfield><subfield code='h'>N6849</subfield><subfield code='i'>.G48 2016</subfield><subfield code='8'>22336105300003811</subfield></datafield><datafield ind1=' ' ind2=' ' tag='ITM'><subfield code='r'>22336105300003811</subfield><subfield code='b'>1</subfield><subfield code='h'>0</subfield><subfield code='g'>stacks</subfield><subfield code='t'>BOOK</subfield><subfield code='9'>31982070475621</subfield><subfield code='e'>stacks</subfield><subfield code='8'>23336105290003811</subfield><subfield code='a'>0</subfield><subfield code='q'>2017-06-20 15:04:57</subfield><subfield code='i'>N6849 .G48 2016</subfield><subfield code='d'>JAPAN</subfield><subfield code='f'>JAPAN</subfield></datafield></record>