
<record xmlns='http://www.loc.gov/MARC21/slim'><leader>01270nam  2200325 i 4500</leader><controlfield tag='001'>991036736620403811</controlfield><controlfield tag='005'>20150427011113.0</controlfield><controlfield tag='006'>m     o  d |      </controlfield><controlfield tag='007'>cr -n---------</controlfield><controlfield tag='008'>150511t20152015ilu     o     000 0ceng|d</controlfield><datafield ind1=' ' ind2=' ' tag='020'><subfield code='a'>1-60846-395-8</subfield></datafield><datafield ind1=' ' ind2=' ' tag='020'><subfield code='a'>1-60846-450-4</subfield></datafield><datafield ind1=' ' ind2=' ' tag='035'><subfield code='a'>(CKB)2670000000609164</subfield></datafield><datafield ind1=' ' ind2=' ' tag='035'><subfield code='a'>(EBL)1948843</subfield></datafield><datafield ind1=' ' ind2=' ' tag='035'><subfield code='a'>(SSID)ssj0001535530</subfield></datafield><datafield ind1=' ' ind2=' ' tag='035'><subfield code='a'>(PQKBManifestationID)11926685</subfield></datafield><datafield ind1=' ' ind2=' ' tag='035'><subfield code='a'>(PQKBTitleCode)TC0001535530</subfield></datafield><datafield ind1=' ' ind2=' ' tag='035'><subfield code='a'>(PQKBWorkID)11500003</subfield></datafield><datafield ind1=' ' ind2=' ' tag='035'><subfield code='a'>(PQKB)10007495</subfield></datafield><datafield ind1=' ' ind2=' ' tag='035'><subfield code='a'>(MiAaPQ)EBC1948843</subfield></datafield><datafield ind1=' ' ind2=' ' tag='035'><subfield code='a'>(EXLCZ)992670000000609164</subfield></datafield><datafield ind1=' ' ind2=' ' tag='040'><subfield code='a'>MiAaPQ</subfield><subfield code='b'>eng</subfield><subfield code='e'>rda</subfield><subfield code='e'>pn</subfield><subfield code='c'>MiAaPQ</subfield><subfield code='d'>MiAaPQ</subfield></datafield><datafield ind1=' ' ind2=' ' tag='041'><subfield code='a'>eng</subfield></datafield><datafield ind1=' ' ind2='4' tag='050'><subfield code='a'>PS617</subfield><subfield code='b'>.B74 2015</subfield></datafield><datafield ind1='0' ind2='0' tag='082'><subfield code='a'>811/.609358</subfield></datafield><datafield ind1='1' ind2=' ' tag='100'><subfield code='a'>Coval, Kevin.</subfield></datafield><datafield ind1='0' ind2='4' tag='245'><subfield code='a'>The Breakbeat poets :</subfield><subfield code='b'>new American poetry in the age of hip-hop /</subfield><subfield code='c'>Kevin Coval, Quraysh Ali Lansana, &amp; Nate Marshall, editors.</subfield></datafield><datafield ind1=' ' ind2='1' tag='264'><subfield code='a'>Chicago, Illinois :</subfield><subfield code='b'>Haymarket Books,</subfield><subfield code='c'>[2015]</subfield></datafield><datafield ind1=' ' ind2='4' tag='264'><subfield code='c'>©2015</subfield></datafield><datafield ind1=' ' ind2=' ' tag='300'><subfield code='a'>1 online resource (378 p.)</subfield></datafield><datafield ind1=' ' ind2=' ' tag='336'><subfield code='a'>text</subfield><subfield code='b'>txt</subfield></datafield><datafield ind1=' ' ind2=' ' tag='337'><subfield code='a'>computer</subfield><subfield code='b'>c</subfield></datafield><datafield ind1=' ' ind2=' ' tag='338'><subfield code='a'>online resource</subfield><subfield code='b'>cr</subfield></datafield><datafield ind1=' ' ind2=' ' tag='500'><subfield code='a'>Description based upon print version of record.</subfield></datafield><datafield ind1='0' ind2=' ' tag='505'><subfield code='a'>Praise for for The BreakBeat Poets; Contents; Introduction; Randall Horton (1961); an (i)witness say he still had the mike in his hand; Joel Dias-Porter aka DJ Renegade (1962); Turning the Tables; Wednesday Poem; Thomas Sayers Ellis (1963); An Excerpt from Crank Shaped Notes; Quraysh Ali Lansana (1964); mascot; crack house; seventy-first &amp; king drive; Evie Shockley (1965); duck, duck, redux; post-white; Tony Medina (1966); Everything You Wanted to Know about Hip Hop But Were Afraid to Be Hipped for Fear of Being Hopped; The Keepin&apos; It Real Awards; Willie Perdomo (1967); Shit to Write About</subfield></datafield><datafield ind1='8' ind2=' ' tag='505'><subfield code='a'>Word to Everything I LoveWriting about What You Know; Mario (1967); Agate; Roger Bonair-Agard (1968); Honorific or black boy to black boy; Fast-how I knew; In defense of the code-switch or why you talk like that or why you gotta always be cussing; Lynne Procope (1969); Shine (for Joe Bataan); All Night; Patrick Rosal (1969); B-Boy Infinitives; Kundiman Ending on a Theme from T La Rock; A Note To Thomas Alva; Ode To The Cee-Lo Players; Tracie Morris; Untitled; Jason Carney (1970); America&apos;s Pastime; LaTasha N. Nevada Diggs (1970); who you callin&apos; a jynx? (after mista popo)</subfield></datafield><datafield ind1='8' ind2=' ' tag='505'><subfield code='a'>damn right it&apos;s betta than yoursgamin&apos; gabby; Mitchell L. H. Douglas (1970); Hood; Krista Franklin (1970); Manifesto, or Ars Poetica #2*; Preface to a Twenty Volume Homicide Note; Adrian Matejka (1971); Beat Boxing; Robot Music; jessica Care moore (1971); mic check, 1-2.; John Murillo (1971); Ode to the Crossfader; 1989; Renegades of Funk; francine j. harris (1972); Stitches; Pull down the earth; This is a test; t&apos;ai freedom ford (1973); how to get over (senior to freshman); how to get over (for my niggas); how to get over (for kanye); Suheir Hammad (1973); break (rebirth); break (sister)</subfield></datafield><datafield ind1='8' ind2=' ' tag='505'><subfield code='a'>break (embargo)Marty McConnell (1973); the World tells how the world ends; object; John Rodriguez (1973-2013); Bronx Bombers; What I Saw Was Not Your Funeral; At My Best*; Mariahadessa Ekere Tallie (1973); Paper Bag Poems; Global Warming Blues; Sunday; Possible; Tara Betts (1974); Hip Hop Analogies; Switch; Paolo Javier (1974); from All Convulsions; Douglas Kearney (1974); Quantum Spit; No Homo; Drop It Like It&apos;s Hottentot Venus; avery r. young (1974); a prayer fo mama Brenda Matthews (warrior brew); after an artis(t) talk; Lemon Andersen (1975); The future; Michael Cirelli (1975)</subfield></datafield><datafield ind1='8' ind2=' ' tag='505'><subfield code='a'>The MessageAstronomy (8th Light); Kevin Coval (1975); the crossover; jewtown; molemen beat tapes; white on the block; Jericho Brown (1976); Motherland; Mahogany L. Browne (1976); When 12 Play Was on Repeat; upon viewing the death of basquiat; nameless; Aracelis Girmay (1977); ELEGY IN GOLD; BREAK; Idris Goodwin (1977); Say my name; Old ladies and dope boys; These are the breaks; Enzo Silon Surin (1977); Corners; Mayda Del Valle (1978); It&apos;s Just Begun*; Denizen Kane (1978); Ciphers Pt 1; Vigil Pt 1; Paul Martinez Pompa; I Have a Drone; Kyle Dargan (1980); CREWS; SLANG; O. P. P.</subfield></datafield><datafield ind1='8' ind2=' ' tag='505'><subfield code='a'>Tarfia Faizullah (1980)</subfield></datafield><datafield ind1=' ' ind2=' ' tag='520'><subfield code='a'>Kevin Coval is the author of Schtick, L-vis Lives: Racemusic Poems, Everyday People and the American Library Association Book of the Year&quot; Finalist Slingshots: A Hip-Hop Poetica. He is the founder of Louder Than a Bomb: The Chicago Youth Poetry Festival, Artistic Director at Young Chicago Authors, and teaches at the University of Illinois at Chicago.Quraysh Ali Lansana is the author of eight poetry books, three textbooks, a children&apos;s book, editor of eight anthologies, and coauthor of a book of pedagogy. He is a faculty member of the Creative Writing Program of the School of the Art Institute</subfield></datafield><datafield ind1=' ' ind2=' ' tag='546'><subfield code='a'>English</subfield></datafield><datafield ind1=' ' ind2=' ' tag='588'><subfield code='a'>Description based on online resource; title from PDF title page (ebrary, viewed May 11, 2015).</subfield></datafield><datafield ind1=' ' ind2='0' tag='650'><subfield code='a'>American poetry</subfield><subfield code='y'>21st century.</subfield></datafield><datafield ind1=' ' ind2='0' tag='650'><subfield code='a'>Hip-hop</subfield><subfield code='z'>United States.</subfield></datafield><datafield ind1=' ' ind2='4' tag='655'><subfield code='a'>Electronic books.</subfield></datafield><datafield ind1='1' ind2=' ' tag='700'><subfield code='a'>Coval, Kevin,</subfield><subfield code='e'>editor.</subfield></datafield><datafield ind1='1' ind2=' ' tag='700'><subfield code='a'>Lansana, Quraysh Ali,</subfield><subfield code='e'>editor.</subfield></datafield><datafield ind1='1' ind2=' ' tag='700'><subfield code='a'>Marshall, Nate,</subfield><subfield code='e'>editor.</subfield></datafield><datafield ind1=' ' ind2=' ' tag='906'><subfield code='a'>BOOK</subfield></datafield><datafield ind1=' ' ind2=' ' tag='PRT'><subfield code='a'>53424348960003811</subfield><subfield code='b'>https://sandbox01-na.alma.exlibrisgroup.com/view/uresolver/01TULI_INST/openurl?u.ignore_date_coverage=true&amp;rft.mms_id=991036736620403811</subfield><subfield code='e'>Ebook Central</subfield><subfield code='c'>Ebook Central College Complete</subfield><subfield code='h'>614330000000000032</subfield><subfield code='8'>53424348960003811</subfield></datafield></record>
</collection>
